2454 3936
161 181 223 245 224
478 189 621 239 vunnim
642 189 767 239 snums
790 191 839 239 vu

163 350 288 409 mtentos
309 345 426 407 volvens
448 344 558 407 oculos.
590 363 646 405 nec
665 362 797 422 purpura
818 363 920 423 regem

162 433 238 509 picta
256 438 352 491 moret
374 447 430 492 nec
450 437 566 508 sceptra
587 437 705 489 movent
727 428 869 491 Priameia
892 437 1013 502 tantum,

163 522 302 593 quantum
324 515 354 573 in
378 512 503 574 oouubio
525 519 611 573 natae
632 511 819 591 thalamoque
841 521 987 584 moratur;

164 608 192 659 et
213 598 318 658 veteris
339 596 432 658 Fauni
452 594 539 656 volvit
563 594 618 656 sub
641 603 761 673 pectore
781 604 900 666 sortem,

163 681 243 742 hunc
262 679 344 741 illurn
366 680 432 742 fatis
455 687 574 741 externa
595 678 631 738 ab
651 680 721 741 sede
741 679 906 756 proiectum

163 764 299 844 portendi
320 782 461 841 generum
483 761 660 840 paribusque
682 763 712 822 in
734 780 824 840 regna
845 767 943 824 vocari

164 849 309 927 auspiciis,
333 848 402 907 huic
422 848 594 926 progeniem
613 847 719 906 virtute
739 845 868 907 futuram

165 933 312 1011 egregiam
335 938 364 991 et
383 938 477 992 totum
500 948 575 1010 quae
596 929 707 990 mribus
729 938 852 1008 occupet
874 930 987 992 orbem.

165 1017 281 1077 taudem
303 1013 396 1076 laetus
418 1017 471 1076 ait:
494 1014 542 1075 ‘di
563 1020 663 1074 nostra
684 1014 799 1090 incepta
820 1014 981 1075 secundent

164 1101 377 1178 auguriumque
399 1099 500 1159 suum!
523 1098 655 1166 dabitur,
678 1096 813 1167 Troiane,
837 1098 916 1176 quod
937 1108 1033 1177 optas:

165 1201 287 1244 munera
308 1200 364 1242 nec
384 1199 502 1261 sperno.
533 1199 592 1241 non
614 1179 696 1241 robis
719 1198 792 1258 rege
812 1180 915 1242 Latino

165 1267 259 1328 divitis
281 1265 356 1327 uber
379 1267 442 1344 agri
463 1265 604 1326 Troiaeve
627 1263 774 1343 opulentia
796 1265 880 1326 derit.

165 1352 227 1430 ipse
248 1349 336 1410 modo
357 1350 478 1419 Aeneas,
502 1350 596 1409 nostri
609 1349 634 1408 si
657 1355 737 1409 taum
758 1348 900 1428 cupidost‚

165 1436 189 1496 si
211 1435 291 1511 iungi
309 1433 436 1512 bospitio
456 1441 595 1513 properat
617 1434 773 1513 sociusque
792 1433 899 1503 vocari,

166 1519 297 1579 adveniat
314 1515 408 1578 voltus
430 1535 503 1579 neve
523 1517 712 1578 exhorrescat
728 1517 854 1576 amicos:

165 1621 233 1680 pars
252 1600 324 1662 mihi
345 1602 425 1679 pacis
448 1602 503 1662 erit
524 1602 657 1663 dextram
678 1600 807 1676 tetigisse
828 1602 951 1679 tyranni.

167 1703 215 1746 ros
239 1693 340 1746 contra
362 1686 426 1763 regi
443 1703 508 1745 mea
530 1703 610 1745 nunc
628 1684 764 1744 mandata
781 1684 900 1745 referte.

167 1776 210 1828 est
231 1767 303 1827 mibi
324 1776 400 1837 nata,
424 1768 485 1827 viro
508 1771 602 1844 gentis
625 1786 713 1847 quam
732 1769 855 1844 iungere
876 1775 993 1827 nostrae

166 1869 225 1911 non
246 1851 340 1928 patrio
363 1869 399 1910 ex
419 1850 504 1930 adyto
527 1858 630 1919 sortes,
653 1868 712 1910 non
731 1849 857 1930 plurima
879 1850 958 1910 caelo

166 1943 296 1994 monstra
318 1933 432 1994 sinunt:
455 1949 580 2010 generos
602 1935 731 1995 externb
752 1932 853 1994 adfore
872 1933 908 1994 ab
931 1935 1000 2004 oris,

167 2018 223 2078 hoc
244 2017 325 2077 Latio
347 2024 460 2078 restare
479 2025 595 2087 canunt,
619 2017 670 2095 qul
691 2017 832 2093 sanguine
851 2026 984 2078 nostrum

166 2118 274 2161 nomen
295 2101 325 2160 in
347 2108 425 2162 astra
446 2101 549 2162 ierant.
583 2099 663 2161 hunc
683 2099 765 2161 illum
786 2117 909 2178 poscere
931 2101 988 2161 iata

167 2194 195 2246 et
216 2202 284 2246 reor
305 2194 341 2255 et,
360 2184 457 2263 siquid
475 2184 536 2245 veri
557 2201 640 2244 mens
659 2189 791 2259 augurat,
814 2182 903 2263 opto!

167 2269 240 2329 haec
261 2268 363 2330 effatus
382 2285 472 2346 equos
493 2286 617 2329 numero
640 2275 723 2346 pater
745 2265 825 2344 eligit
846 2269 926 2328 omni

168 2350 293 2429 (stabant
315 2359 360 2412 ter
383 2363 499 2412 centum
521 2351 604 2412 nitidi
624 2352 655 2412 in
675 2348 886 2430 praesaepibus
908 2345 999 2425 altis):

167 2433 303 2495 omnibus
323 2433 468 2513 extemplo
489 2435 611 2496 Teucrts
634 2434 714 2497 iubet
733 2434 835 2496 ordine
857 2435 924 2496 duci

167 2519 305 2580 instratos
322 2527 401 2579 ostro
424 2518 552 2596 alipedes
573 2520 715 2598 pictisque
735 2520 839 2598 tapetis

168 2603 266 2682 (aurea
287 2602 456 2681 pectoribus
479 2603 604 2665 demissa
625 2603 742 2665 monilia
765 2603 902 2683 pendent,

167 2689 237 2747 tecti
258 2705 330 2748 auro
350 2684 461 2747 fulvom
482 2687 623 2748 mandunt
643 2686 697 2749 sub
720 2687 856 2749 dentibus
877 2687 1000 2766 aurum).

168 2769 280 2830 absenti
302 2772 416 2831 Aeneae
439 2789 560 2831 currum
582 2773 772 2849 geminosque
793 2769 896 2848 iugalis

168 2854 277 2913 semine
299 2852 335 2912 ab
358 2853 497 2921 aetherio,
519 2854 654 2931 spirantis
675 2853 794 2913 naribus
815 2854 920 2928 ignem,

168 2935 286 2995 illorum
307 2935 343 2995 de
364 2944 460 3011 gente,
483 2937 559 3012 patri
581 2952 654 3013 quos
676 2934 796 2995 daedala
818 2935 900 2994 Circe

168 3019 318 3096 supposita
341 3018 378 3079 de
398 3026 492 3078 matre
514 3017 619 3077 nothos
640 3016 733 3078 furata
753 3017 868 3078 creavit

168 3099 273 3162 talibus
290 3100 440 3162 Aeneadae
462 3100 546 3161 donis
568 3100 710 3176 dictisque
733 3101 826 3161 Latini

169 3183 308 3246 sublimes
329 3186 359 3246 in
380 3186 460 3263 equis
481 3183 606 3246 redeunt
626 3202 787 3263 pacemque
808 3193 967 3263 reportant.

211 3269 287 3330 Ecce
309 3277 405 3330 autem
426 3267 550 3329 Inachiis
570 3284 634 3329 sese
656 3266 803 3328 referebat
824 3266 860 3328 ab
881 3269 966 3345 Argis

169 3371 253 3413 saeva
275 3354 348 3414 lovis
370 3354 497 3413 coniunx
517 3370 661 3431 aurasque
684 3353 796 3413 invecti
816 3350 941 3422 tenebat,

172 3440 201 3493 ct
217 3433 324 3499 laetum
345 3437 463 3499 Aenean
485 3435 666 3516 classemque
685 3454 720 3497 er
743 3435 860 3497 aethere
882 3434 969 3515 longe
