2400 3878
515 197 638 246 OULEX.

64 359 89 417 si
111 373 171 415 non
193 355 310 431 Assyrio
332 352 445 431 fulgent
466 351 512 412 bis
533 351 611 412 lauta
634 349 732 412 colore

65 437 195 500 Attalicis
218 437 323 515 opibus
345 437 411 497 data
433 433 557 503 vellera,
582 437 607 495 si
628 437 707 495 nitor
729 437 793 495 auri

65 522 119 583 sub
141 521 280 600 laqueare
303 520 406 580 domus
429 521 559 579 animum
581 537 643 579 non
665 521 746 597 angit
768 535 886 578 avarum

64 607 254 686 picturaeque
277 604 380 673 decus,
403 603 533 682 lapidum
555 621 611 662 nee
632 601 729 680 fulgor
750 604 781 661 in
803 601 862 661 ulla

65 684 199 770 pognitus
222 687 361 757 utilitate,
384 705 503 746 manum
527 703 582 746 nec
603 684 708 765 pocula
731 686 848 746 Graiam

66 770 182 831 Alconis
204 771 338 832 referunt
359 771 529 848 Rhoecique
552 777 700 840 toreuma,
723 787 778 829 nec
798 767 864 828 Indi

66 856 197 915 conchea
218 854 292 915 baca
313 857 403 915 maris
424 856 520 933 pretio
543 859 600 914 est:
624 860 653 914 at
674 860 795 932 pectore
817 869 893 932 puro

65 956 153 1016 saepe
175 956 264 1017 super
285 944 388 998 tenero
411 938 572 1019 prosternit
594 939 726 1015 gramine
748 954 864 1015 corpus,

65 1019 169 1081 florida
193 1040 259 1081 cum
281 1021 368 1083 tellus
391 1022 565 1100 gemmantis
586 1023 664 1099 picta
687 1039 741 1099 per
762 1019 870 1080 herbas

64 1123 134 1164 rere
156 1112 238 1165 notat
260 1105 338 1166 dulci
360 1106 497 1167 distincta
518 1103 666 1165 coloribus
688 1122 771 1173 arva3

68 1196 155 1267 atque
176 1188 260 1249 illum
282 1189 394 1250 calamo
410 1189 518 1250 laetum
540 1191 692 1249 recinente
713 1187 836 1267 palustri

65 1273 182 1349 otiaque
204 1272 312 1333 invidia
335 1273 491 1351 degentem
514 1291 548 1332 ac
571 1273 674 1333 fraude
695 1279 810 1332 remota

64 1353 284 1432 pollentemque
306 1355 363 1414 sibi
385 1356 470 1415 viridi
493 1371 559 1415 oum
582 1356 702 1433 palmite
724 1354 828 1416 ludens

64 1437 178 1497 Tmolia
200 1439 357 1516 pampineo
379 1439 480 1497 subter
502 1456 586 1497 coma
608 1437 685 1496 velat
706 1439 823 1497 amictu.

64 1520 107 1580 illi
128 1529 196 1581 sunt
217 1528 318 1599 gratae
339 1528 474 1580 rorantes
496 1518 571 1579 lacte
594 1519 722 1597 capellae

65 1611 94 1664 et
115 1622 219 1664 nemus
241 1612 271 1664 et
291 1603 416 1664 fecunda
439 1601 523 1663 Pales
545 1611 574 1663 et
595 1602 716 1662 vallibus
737 1604 816 1662 intus

65 1706 182 1768 semper
205 1705 295 1766 opaca
318 1689 399 1747 novis
422 1688 571 1747 manantia
594 1685 724 1746 fontibus
746 1693 840 1747 antra.

65 1775 130 1852 quis
151 1774 244 1850 magis
266 1779 365 1850 optato
387 1778 475 1850 queat
496 1788 561 1830 esse
581 1769 695 1830 beatior
717 1788 788 1831 aevo

65 1874 152 1935 quam
174 1857 224 1934 qui
246 1861 344 1914 mente
365 1854 470 1933 procul
491 1873 565 1932 pura
587 1872 733 1934 sensuque
754 1853 908 1933 probando

65 1958 124 1999 non
148 1938 246 2000 aridas
268 1938 405 2017 adgnovit
427 1955 498 2017 opes
521 1955 575 1998 nec
597 1938 691 1999 tristia
713 1937 790 1999 bella

67 2039 122 2085 nee
142 2022 259 2083 funesta
281 2024 365 2083 timet
386 2020 497 2082 validae
520 2022 680 2082 certamina
703 2021 803 2083 classis

65 2125 134 2176 nec,
158 2106 258 2186 spoliis
280 2107 350 2167 dum
372 2114 472 2167 sancta
495 2105 583 2167 deum
606 2104 785 2183 fulgentibus
807 2117 893 2167 ornet

64 2188 173 2269 templa
195 2190 240 2251 vel
263 2198 380 2251 evectus
401 2190 490 2250 finem
513 2191 702 2250 transcendat
723 2189 860 2261 habendi,

65 2275 218 2334 adversum
242 2277 334 2335 saevis
354 2273 433 2336 ultro
456 2282 543 2353 caput
564 2273 696 2335 hostibus
718 2275 820 2334 offert?

64 2356 107 2415 illi
129 2356 203 2416 falce
227 2357 298 2417 deus
320 2357 440 2427 colitur,
465 2376 524 2417 non
547 2357 739 2435 arte'politus

64 2438 114 2498 ille
137 2439 206 2498 colit
228 2440 322 2509 lucoS,
345 2439 389 2499 illi
411 2441 557 2499 Panchaia
580 2447 645 2498 tura

64 2521 186 2581 floribus
208 2529 339 2600 agrestes
360 2521 471 2581 herbae
492 2521 671 2582 variantibus
693 2522 815 2591 addant,

64 2604 108 2665 illi
130 2604 223 2664 dulcis
245 2605 327 2665 adest
348 2606 465 2683 requies
489 2611 517 2664 et
537 2622 611 2684 pura
634 2604 773 2683 voluptas

65 2687 172 2758 libera,
195 2687 376 2767 simplicibus
399 2689 491 2748 curis:
515 2688 573 2748 huc
594 2689 741 2758 imminet,
766 2689 862 2749 omnis

66 2771 166 2850 dirigit
187 2773 245 2832 huc
266 2790 384 2840 sensus,
409 2772 482 2831 baec
504 2789 574 2831 cura
597 2779 641 2831 est
662 2771 778 2832 subdita
801 2772 890 2842 cordi,

65 2856 196 2935 quolibet
217 2863 249 2916 ut
270 2858 371 2935 requie
395 2856 471 2916 victu
493 2863 647 2916 contentus
669 2855 798 2916 abundet

65 2940 251 3018 iucundoque
273 2939 349 3000 levet
369 2939 538 3018 languentia
560 2957 684 3019 corpora
706 2958 819 3001 somno.

66 3043 83 3082 o
106 3025 248 3102 pecudes,
272 3042 289 3084 o
311 3043 402 3103 panes
425 3031 455 3084 et
476 3043 493 3085 o
515 3025 680 3102 gratissima
701 3032 800 3105 tempe

66 3106 179 3167 frondis
200 3107 444 3187 hamadryadum,
467 3127 591 3187 quarum
613 3127 673 3168 non
696 3107 783 3168 divite
805 3108 885 3170 cultu
1041 3114 1075 3166 95

66 3188 199 3248 aemulus
219 3192 346 3251 Ascraeo
368 3201 469 3270 pastor
491 3192 546 3252 sibi
568 3193 690 3270 quisque
712 3199 816 3269 poetae

66 3288 199 3330 securam
220 3271 335 3351 placido
357 3274 484 3335 traducit
503 3282 624 3353 pectore
645 3274 746 3332 vitam!
756 3290 888 3354 s

108 3354 224 3414 Etiam
247 3356 441 3434 compellente
463 3375 553 3435 vagae
574 3363 692 3434 pastore
715 3353 844 3433 capellae
1023 3361 1074 3416 10⁴

67 3437 124 3495 ima
147 3441 324 3498 susurrantis
347 3437 507 3518 reptabant
523 3438 562 3524 'ad
585 3436 825 3517 vada-lymphae,
