2400 3878
130 195 191 258 368
461 204 604 252 3333333
619 202 744 251 nnuma
761 203 797 249 rx

130 382 182 425 rex
204 363 282 423 ldem
304 369 333 423 et
353 360 418 438 regi
438 359 540 420 Turno
560 359 740 436 gratissimus
761 376 863 436 augur,

130 446 182 508 sed
206 461 265 505 non
287 445 409 520 augurio
431 444 525 520 potuit
546 441 692 519 depellere
715 450 837 520 pestem.

129 530 182 590 tris
202 530 280 589 iuxta
300 525 424 588 famulos
443 536 554 587 temere
575 526 650 585 inter
669 524 726 586 tela
749 527 867 586 iacentis

130 613 367 689 armigerumque
386 610 469 670 Remi
490 610 597 688 premit
618 609 807 687 aurigamque
829 608 883 668 suh
906 608 976 686 ipsis
1086 613 1140 666 330

130 701 253 756 nanctus
274 695 356 773 equis
379 693 517 770 ferroque
539 698 617 753 secat
638 693 795 770 pendentia
817 691 905 760 colla:

130 787 192 840 tum
213 788 300 857 caput
319 779 375 856 ipsi
396 776 491 837 aufert
512 776 629 836 domino
653 784 847 854 truncumque
869 774 1006 853 relinquit

131 862 271 941 sanguine
291 860 511 939 singultantem
534 867 598 919 atro
619 859 762 937 tepefacta
784 876 890 920 cruore

131 951 210 1007 terra
227 946 343 1022 torique
362 943 490 1004 madent.
525 961 580 1003 nec
600 959 660 1002 non
682 943 898 1022 Lamyrumque
915 942 1096 1020 Lamumque

131 1036 160 1089 31
180 1030 314 1089 iuvenem
336 1027 507 1095 Serranum,
531 1025 579 1087 illa
601 1028 650 1104 qui
672 1026 798 1104 plurima
819 1033 905 1087 nocte
1087 1031 1139 1083 331

131 1112 250 1182 1333331,
274 1112 394 1188 insignis
414 1111 499 1180 faeie,
522 1107 672 1187 multoque
693 1108 806 1170 iacebat

131 1193 262 1256 membra
285 1195 339 1254 deo
359 1195 467 1255 victus:
490 1192 568 1263 lelir,
591 1194 615 1253 si
635 1195 769 1271 protinus
788 1192 871 1253 111333

131 1284 283 1356 aequasset
303 1279 382 1337 nocti
403 1275 505 1337 ludum
528 1278 558 1336 in
580 1275 736 1356 lucemque
757 1276 879 1338 tulisset.

131 1363 262 1439 inpastus
283 1378 337 1422 ceu
357 1360 443 1437 31333
465 1358 511 1421 133
534 1377 587 1438 per
610 1359 694 1420 ovilia
712 1359 837 1421 turbans

132 1444 243 1523 (suadet
265 1445 343 1505 enim
361 1461 483 1505 vaesana
503 1444 602 1522 fames)
625 1445 794 1522 manditque
816 1443 962 1521 trahitque
1089 1445 1142 1497 340

132 1526 218 1589 molle
238 1546 328 1606 pecus
350 1534 524 1606 mutumque
545 1535 633 1597 metu,
658 1529 755 1588 tremit
779 1546 831 1588 ore
853 1533 993 1588 cruento:

132 1629 187 1673 neo
204 1613 300 1673 minor
321 1611 438 1690 Euryali
460 1613 579 1680 caedes;
598 1613 733 1673 incensus
756 1620 784 1672 et
805 1614 867 1690 ipse

134 1694 259 1773 perfurit
279 1713 314 1756 ac
335 1695 455 1756 multam
475 1697 504 1755 in
526 1695 622 1756 medio
645 1697 709 1755 sine
730 1697 848 1755 nomine
869 1691 995 1772 plebem,

133 1778 302 1855 Fadumque
324 1778 548 1855 Herbesumque
568 1777 646 1838 subit
665 1778 869 1858 Rhoetumque
891 1776 1077 1853 Abarimque.

132 1863 260 1939 ignaros,
283 1861 428 1922 Rhoetum
446 1860 613 1940 vigilantem
634 1869 663 1923 et
685 1869 789 1923 cuncta
812 1862 965 1929 ridentem,
1090 1863 1143 1918 313

133 1944 184 2006 sed
206 1962 344 2022 magnum
365 1952 498 2006 metuens
516 1963 548 2006 se
569 1953 635 2022 post
658 1953 771 2007 cratera
787 1945 919 2024 tegebat;

133 2035 253 2108 pectore
274 2031 304 2089 in
326 2028 449 2090 adverso
468 2035 562 2090 toturn
584 2032 632 2090 cui
653 2031 816 2090 cornminus
837 2045 936 2090 ensem

135 2112 262 2173 condidit
284 2113 454 2189 adsurgenti
475 2120 504 2174 et
526 2112 615 2173 multa
637 2122 731 2174 morte
752 2113 872 2191 recepit.

133 2213 316 2275 purpuream
337 2197 427 2256 vomit
448 2194 497 2258 ille
519 2198 644 2257 animam
667 2199 695 2257 31
716 2215 784 2257 cum
804 2197 944 2273 sanguine
964 2196 1051 2255 mixta

133 2280 199 2340 vina
219 2279 312 2340 331331
333 2282 478 2348 moriens;
501 2279 550 2341 hic
572 2281 650 2340 furto
673 2279 801 2342 fervidus
823 2280 918 2339 instat.
1091 2281 1146 2336 330

133 2364 250 2441 iamque
273 2364 310 2424 ad
331 2364 456 2443 Messapi
479 2365 573 2425 socios
594 2361 747 2432 tendebat;
770 2363 811 2423 ibi
833 2365 930 2439 ignem

134 2446 260 2508 delicere
283 2454 447 2508 extremum
470 2454 499 2509 31
520 2446 658 2525 religatos
679 2444 881 2509 3113313331-

135 2549 258 2610 carpere
277 2549 398 2611 gramen
423 2548 528 2609 equos:
552 2529 680 2593 breviter
703 2525 966 2593 333113113111333

135 2616 235 2692 (sensit
257 2617 333 2675 enim
355 2616 446 2676 nimia
469 2614 558 2676 caede
577 2623 666 2692 atque
689 2616 825 2694 cupidine
848 2614 927 2691 lerri)

136 2697 337 2760 ‘absistamus’
360 2701 407 2768 ait,
427 2707 509 2759 ‘nam
529 2697 579 2759 lux
601 2700 718 2773 inimica
738 2699 925 2777 propinquat.
1094 2701 1148 2754 333

135 2798 296 2858 poenarum
320 2781 491 2843 exhaustum
514 2782 583 2842 satis
605 2792 656 2851 331,
679 2783 725 2841 via
747 2783 821 2842 iacta
839 2797 893 2856 per
915 2777 1024 2838 hostis.'

134 2863 225 2924 multa
248 2867 342 2925 313333
364 2863 456 2923 solido
477 2870 600 2941 argento
621 2863 752 2941 perlecta
773 2863 921 2923 relincunt

135 2965 275 3024 armaque
298 2954 486 3023 craterasque
509 2945 594 3005 simul
616 2944 815 3023 pulchrosque
837 2950 956 3020 tapetas

134 3028 277 3107 Euryalus
298 3029 434 3108 phaleras
453 3026 624 3088 Rhamnetis
645 3035 674 3088 et
693 3045 781 3088 aurea
804 3024 891 3087 bullis

136 3112 260 3190 cingula,
283 3113 397 3174 Tiburti
419 3110 543 3171 Remulo
565 3111 722 3172 ditissimus
744 3108 813 3171 olim
1095 3119 1151 3176 330

136 3215 210 3278 quae
230 3199 317 3258 mittit
342 3198 418 3258 dona
439 3195 565 3272 hospitio
587 3213 654 3256 cum
676 3196 810 3273 iungeret
829 3192 934 3255 absens

136 3282 276 3343 Caedicus
299 3281 431 3362 (1113333
452 3280 582 3340 moriens
605 3280 654 3339 dat
674 3277 783 3340 hahere
804 3278 923 3357 nepoti),

136 3366 217 3447 [post
238 3373 363 3428 mortem
385 3363 463 3426 hello
482 3361 577 3424 Rutuli
598 3380 755 3442 pugnaque
776 3361 872 3442 potiti]

137 3452 209 3512 haec
230 3452 305 3530 rapit
327 3458 413 3530 atque
434 3449 545 3510 umeris
567 3449 746 3527 nequiquam
768 3446 892 3509 sortibus
913 3453 997 3526 aptat.
