2400 3878
376 197 520 246 vnnomr
540 196 679 246 ncnoon
701 197 740 244 111
1047 189 1065 248 7

184 353 281 414 audiat
295 352 367 412 haec
382 358 494 413 tantum
503 351 591 414 -·rel
603 352 652 429 qui
667 353 744 411 venit
760 370 828 413 ccce
841 351 1008 413 Palaemon.
1032 364 1066 416 50

184 436 321 504 efficiam,
344 436 466 513 posthac
487 453 525 496 ne
547 453 722 513 quemquam
743 454 814 495 voce
835 436 970 496 lacessas.

182 522 218 581 I).
242 520 317 592 Quin
335 536 404 596 age,
422 520 516 598 siquid
532 519 638 587 habes;
654 520 684 577 in
700 537 747 579 me
766 537 849 579 mora
861 537 920 578 non
932 519 987 580 erit
997 517 1065 589 ulla,

183 621 237 663 nec
260 621 436 681 quemquam
458 604 556 681 fugio:
579 609 706 669 tantum,
730 604 822 664 vicine
843 603 1008 673 Palaemon,

184 687 316 747 sensibus
338 687 410 748 haec
432 688 497 748 imis
520 686 577 765 (res
600 693 723 747 estnon
745 688 843 766 parva)
866 703 1000 764 reponas.

183 773 218 831 Ρ.
230 770 330 840 Dicite,
344 771 578 850 quandoquidem
589 771 619 829 in
630 769 711 830 molli
723 771 907 831 consedimus
918 770 1019 830 herba.
1033 782 1066 833 5⁵

183 860 212 914 et
232 872 311 915 nunc
333 856 426 914 omnis
448 871 532 933 ager,
555 871 633 916 nunc
648 855 742 913 omnis
763 855 888 931 parturit
910 853 1012 923 arbos,

182 955 260 998 nunc
283 938 419 999 frondent
440 937 542 1008 silvae,
570 956 649 1000 nunc
671 938 918 998 formonsissimus
941 955 1043 999 annus.

182 1022 291 1098 incipe,
315 1021 468 1092 Damoeta3
491 1028 523 1083 tu
545 1022 649 1083 deinde
670 1039 807 1100 sequere,
830 1021 970 1082 Menalca.

182 1103 299 1166 alternis
321 1106 436 1167 dicetis:
466 1112 564 1167 amant
585 1105 695 1166 alterna
718 1123 864 1166 camenae.

180 1190 217 1249 1).
239 1189 283 1249 Ab
299 1189 365 1250 lore
379 1191 552 1268 principium
568 1206 684 1250 musae:
708 1190 782 1249 lovis
797 1190 893 1249 omnia
908 1188 1008 1266 plena;
1032 1198 1066 1251 60

183 1270 231 1332 ille
253 1273 321 1333 colit
341 1281 449 1343 tcrras;
472 1273 513 1333 illi
534 1293 599 1335 mca
621 1275 749 1334 carmina
772 1292 869 1334 curae.

75 1344 83 1368 '
184 1357 226 1414 M.
244 1355 281 1415 Et
297 1376 344 1418 me
356 1358 492 1420 Phoebus
509 1365 600 1426 amat;
615 1358 734 1418 Phoebo
746 1376 797 1417 sua
810 1375 926 1435 semper
938 1352 1067 1431 apudme

182 1456 304 1499 munera
325 1447 406 1511 sunt,
435 1441 509 1501 lauri
532 1448 561 1502 et
581 1460 668 1501 suave
689 1441 800 1500 rubens
821 1438 1003 1518 hyacinthus

184 1522 220 1581 I).
244 1522 319 1581 Malo
342 1541 389 1582 me
412 1523 529 1583 Galatea
551 1525 636 1600 petit,
659 1522 764 1582 lasciva
786 1522 892 1599 puella,

185 1610 213 1664 et
235 1604 308 1682 fugit
329 1605 366 1666 ad
387 1605 506 1675 salices,
531 1612 612 1666 etse
635 1606 715 1682 cupit
736 1611 802 1666 ante
824 1606 925 1665 videri.
1033 1612 1066 1665 65
1176 1656 1181 1664 .

77 1677 84 1699 '
185 1689 228 1747 M.
250 1687 288 1747 At
309 1690 380 1748 mihi
402 1707 467 1750 scse
489 1689 574 1749 ollert
595 1688 671 1749 ultro
694 1706 778 1748 meus
800 1691 875 1765 ignis
896 1688 1044 1765 Amyntas,

168 1772 279 1832 notior
300 1779 332 1831 ut
352 1773 410 1831 iam
432 1773 470 1831 sit
491 1773 611 1833 canibus
632 1788 692 1830 non
714 1771 794 1832 Delia
816 1773 932 1831 nostrie.

179 1854 216 1913 B.
240 1854 326 1915 Parta
347 1873 431 1916 meae
452 1856 557 1916 Veneri
579 1862 648 1916 sunt
668 1873 806 1915 munera:
828 1873 955 1933 namque
969 1853 1066 1913 notavi
1141 1935 1143 1938 .

182 1938 244 2015 ipse
265 1937 375 2008 locum,
400 1941 496 2000 aeriae
519 1957 576 2017 quo
599 1955 773 2014 congessere
796 1938 959 2015 palumbos.

73 2009 81 2032 '
181 2022 224 2079 M.
249 2021 332 2092 Quod
354 2024 451 2100 potui,
474 2040 566 2100 puero
589 2021 713 2082 silvestri
735 2040 771 2081 cx
793 2022 900 2082 arbore
922 2021 997 2081 lecta
1024 2028 1068 2082 '70

182 2122 270 2165 aurea
292 2104 367 2166 mala
390 2107 492 2167 decem
514 2107 594 2175 misi;
618 2123 683 2166 cras
706 2103 796 2165 altera
817 2107 939 2165 mittam.

184 2188 221 2247 D.
245 2187 269 2248 0
292 2191 426 2267 quotiens
448 2197 475 2250 et
498 2209 572 2268 quae
594 2189 678 2249 nobis
701 2187 819 2248 Galatea
842 2187 938 2249 locuta
961 2188 1018 2247 est!

182 2280 296 2347 partam
318 2272 459 2351 aliquam,
482 2275 573 2343 venti,
596 2274 693 2334 divom
715 2273 849 2332 reseratis
871 2272 908 2332 ad
931 2271 1024 2331 auris!
1088 2339 1093 2350 y
1167 2276 1174 2283 ·

182 2356 224 2413 Μ.
249 2354 324 2425 Quid
345 2358 481 2434 prodest,
504 2358 582 2436 quod
604 2376 651 2418 me
670 2357 733 2433 ipse
749 2357 845 2416 animo
862 2373 924 2415 non
942 2354 1065 2431 spernis,

183 2521 223 2589 si,
246 2521 316 2581 dum
338 2530 370 2581 tu
391 2527 511 2582 sectaris
533 2541 634 2598 apros,
659 2541 713 2599 ego
736 2523 809 2582 retia
832 2441 1006 2582 serlblyma'
1032 2528 1067 2583 75

184 2603 220 2662 Ι).
244 2602 374 2680 Phyllida
396 2606 478 2663 mitte
500 2606 590 2663 mihi:
614 2622 697 2663 meus
720 2610 764 2663 est
785 2603 902 2671 natalis,
925 2601 1011 2671 lolla;

184 2703 250 2745 curn
273 2685 376 2745 luciam
399 2687 487 2747 vitula
508 2704 562 2765 pro
585 2687 732 2764 frugibus
756 2688 819 2763 ipse
842 2687 946 2745 venito.

70 2757 78 2782 '
183 2769 227 2828 M.
249 2767 379 2847 Phyllida
398 2788 464 2831 amo
479 2778 547 2831 ante
561 2769 646 2830 alias:
669 2788 736 2829 nam
753 2789 800 2830 me
815 2770 965 2829 discedere
979 2768 1066 2839 llevit,

184 2858 212 2911 et
233 2851 353 2930 longum
377 2855 554 2922 ‘formonso
577 2853 640 2914 vale
662 2852 748 2923 vale',
771 2855 879 2932 inquit,
905 2850 1004 2912 ‘lolia’

182 2937 218 2994 D.
242 2936 337 3016 Triste
353 2936 439 3015 lupus
455 2937 590 3007 stabulis,
606 2938 728 2997 maturis
745 2938 878 3016 frugibus
892 2936 1011 3005 imbres,
1033 2945 1069 2999 80

182 3019 338 3079 arboribus
359 3022 451 3090 venti,
475 3021 560 3081 nobis
580 3019 764 3098 Amaryllidis
786 3023 856 3081 irae.

181 3103 224 3161 M.
248 3102 339 3163 Dulce
361 3105 430 3164 satis
452 3123 554 3173 umor,
577 3102 705 3180 depulsis
727 3105 850 3165 arbutus
872 3103 982 3172 haedis,

181 3183 259 3246 lenta
281 3185 352 3246 salix
374 3187 432 3247 leto
454 3190 569 3263 pecori,
593 3187 664 3246 mihi
685 3187 765 3247 solus
787 3189 934 3266 Amyntas.

181 3269 218 3328 1).
241 3268 323 3329 Polio
338 3279 415 3331 amat
430 3279 574 3340 nostram,
591 3273 722 3347 quamvis
738 3277 782 3330 est
796 3271 919 3338 rustica,
935 3285 1066 3329 musam:

181 3350 326 3424 Pierides,
348 3353 467 3414 vitulam
489 3354 592 3415 lectori
612 3353 723 3429 pascite
744 3363 851 3414 vestro.
1032 3362 1067 3415 85

76 3424 84 3448 '
181 3435 225 3494 M.
247 3435 329 3497 Poho
345 3443 374 3498 et
393 3439 455 3517 ipse
470 3437 538 3498 facit
552 3455 626 3497 nora
642 3438 785 3497 carmina:
807 3437 918 3516 pascite
939 3442 1068 3504 taurum,
