2400 3878
143 196 203 261 152
467 210 751 260 inanimantium
770 212 823 259 1111

138 385 325 430 communem
346 367 425 429 hunc
445 386 515 446 ergo
537 365 678 445 populum
699 366 878 445 paribusque
898 382 1036 444 regamus

138 453 286 531 auspiciis,
308 450 394 512 liceat
414 451 541 530 Phrygio
561 451 670 509 servire
691 451 796 509 marito

138 535 300 614 dotalisque
321 542 388 596 tuae
410 534 512 613 Tyrios
533 535 703 612 permittere
725 532 867 594 dextrae!

181 617 236 680 Olli
258 618 358 697 (sensit
379 619 455 678 enim
477 617 609 678 simulata
631 623 728 677 mente
747 615 890 686 locutam,
1111 633 1166 688 lod

138 721 196 782 quo
217 720 341 780 reguum
360 701 458 762 ltaliae
479 701 600 780 Libycas
619 707 765 761 averteret
782 700 858 780 oras)

137 788 180 847 sic
202 796 304 846 contra
325 794 368 846 est
392 788 523 861 ingressa
543 784 653 846 Venus:
678 785 760 860 ‘quis
780 783 845 844 talia
868 784 989 846 demens

138 869 260 940 abnuat,
282 876 331 929 aut
350 877 449 930 tecum
471 869 550 929 malit
575 868 752 929 contendere
771 867 865 928 belloi

138 955 163 1013 si
186 953 273 1013 modo
295 954 374 1029 quod
396 971 543 1014 memoras
564 952 673 1012 sactum
694 951 810 1011 lortuna
832 959 980 1031 sequatur.

137 1033 187 1096 sed
203 1036 267 1097 latis
287 1037 398 1097 hrcerta
421 1039 500 1098 seror
519 1037 543 1096 si
563 1036 694 1113 luppiter
708 1053 797 1095 unam
1111 1053 1166 1107 110

138 1138 202 1181 esse
221 1118 288 1181 velit
307 1120 401 1198 Tyriis
418 1120 523 1181 urbem
545 1120 691 1197 Troiaque
712 1117 865 1196 proiectis,

138 1205 288 1264 miscerive
310 1204 415 1281 probet
432 1203 556 1281 populos
578 1209 627 1263 aut
646 1202 765 1262 foedera
786 1203 875 1278 iungi.

139 1294 170 1348 tu
188 1287 327 1356 coniunx,
349 1287 399 1347 tibi
421 1288 465 1347 las
486 1289 615 1346 animum
636 1291 779 1362 temptare
797 1286 953 1363 precando.

137 1387 244 1448 perge:
266 1369 396 1449 sequar!
439 1379 501 1431 tum
524 1372 565 1430 sic
587 1371 701 1446 excepit
721 1369 802 1446 regia
821 1368 909 1430 luno:

139 1463 272 1514 ‘mecum
295 1455 349 1514 erit
364 1455 418 1515 iste
438 1453 531 1515 labor.
576 1471 654 1514 nunc
675 1470 732 1531 qua
748 1454 861 1513 ratione
880 1453 957 1533 quod
974 1453 1064 1516 instat
1110 1470 1164 1523 115

139 1538 258 1598 confieri
280 1539 385 1615 possit,
407 1539 522 1616 paucis,
545 1537 678 1606 adverte,
701 1535 823 1596 docebo.

139 1629 274 1682 venatum
291 1621 403 1682 deneas
424 1640 539 1700 unaque
556 1622 718 1680 miserrima
739 1617 812 1679 Dido

139 1705 168 1764 in
190 1722 294 1765 nemus
314 1707 357 1764 ire
378 1714 496 1782 parant,
517 1703 568 1765 ubi
585 1705 696 1780 primos
717 1705 858 1763 crastinus
880 1710 961 1766 ortus

140 1786 274 1847 extulerit
291 1788 375 1847 Titan
394 1789 540 1865 radiisque
556 1788 695 1846 retexerit
713 1786 825 1846 orbem.

139 1871 184 1929 his
206 1889 260 1947 ego
282 1871 445 1947 nigrantem
467 1871 621 1930 commixta
643 1870 785 1946 grandine
799 1869 946 1941 nimbum,
1110 1884 1166 1941 m

139 1954 209 2014 dum
230 1953 377 2030 trepidant
398 1953 459 2014 alae
477 1952 625 2031 saltusque
641 1953 777 2030 indagine
798 1955 930 2030 cingunt,

139 2036 266 2113 desuper
288 2037 453 2107 infundam,
478 2045 506 2097 et
526 2037 636 2096 tonitru
658 2035 770 2098 caelum
791 2055 877 2098 omne
898 2037 992 2100 ciebo.

139 2121 290 2196 diffugient
310 2122 428 2181 comites
449 2128 477 2181 et
495 2127 581 2181 nocte
602 2126 738 2196 tegentur
758 2138 864 2199 opaca:

139 2204 309 2282 speluncam
329 2205 401 2264 Dido
422 2205 481 2265 dux
503 2211 532 2264 et
549 2204 693 2264 Troianus
712 2204 834 2265 eandem

140 2288 302 2348 devenient.
347 2289 435 2348 adero
459 2294 501 2357 ct,
523 2296 573 2347 tua
595 2289 618 2346 si
641 2287 712 2348 mihi
734 2294 814 2348 certa
835 2285 982 2358 voluntas,
1111 2301 1166 2359 ιιι

141 2370 282 2453 [conubio
303 2372 421 2450 iungam
440 2370 534 2431 stabili
553 2373 761 2449 propriamque
782 2367 899 2449 dicabo]

139 2454 187 2515 hic
206 2454 383 2534 hymenaeus
401 2454 480 2515 erit.'
522 2473 582 2515 non
605 2455 754 2515 adversata
773 2455 882 2532 petenti

139 2540 240 2600 adnuit
260 2547 346 2617 atque
368 2538 441 2598 dolis
461 2540 524 2599 risit
545 2538 686 2619 Cytherea
704 2539 836 2616 repertis.

182 2622 330 2683 Oceanum
350 2623 460 2683 interea
481 2641 605 2702 surgens
623 2623 735 2683 Aurora
758 2619 883 2700 reliquit.

140 2707 161 2766 it
180 2709 271 2783 portis
292 2705 395 2767 iubare
416 2714 517 2767 exorto
539 2706 648 2767 delecta
671 2707 820 2773 iuventus;

141 2791 213 2848 retia
236 2805 319 2858 rara,
341 2789 458 2866 plagae,
481 2789 539 2850 lato
559 2789 701 2850 venabula
722 2790 801 2850 ferro

139 2870 313 2949 Massylique
332 2879 423 2931 ruunt
443 2874 555 2948 equites
576 2878 606 2931 et
627 2873 717 2932 odora
737 2890 843 2933 canum
866 2873 915 2932 vis.

139 2954 270 3031 reginam
291 2953 417 3013 thalamo
439 2962 623 3014 cunctantem
641 2956 675 3014 ad
694 2955 792 3015 hurina
811 2956 898 3033 primi

139 3036 306 3097 Poenorum
326 3042 488 3114 expectant,
510 3045 648 3115 ostroque
669 3040 791 3116 insignis
813 3045 842 3099 et
863 3055 935 3099 auro

140 3125 197 3181 stat
217 3121 333 3197 sonipes
353 3138 387 3180 ac
409 3119 491 3180 irena
514 3121 597 3180 lerox
614 3124 777 3198 spumantia
799 3121 919 3183 mandit.
1114 3136 1170 3195 m

140 3203 259 3263 taudem
278 3203 466 3281 progreditur
485 3220 590 3281 magna
612 3207 737 3282 stipante
759 3213 888 3282 caterva,

140 3285 288 3346 Sidoniam
309 3289 386 3364 picto
409 3287 591 3367 chlamydem
612 3289 789 3350 circumdata
809 3287 909 3348 limbo.

140 3370 188 3432 cui
208 3370 346 3448 pharetra
368 3390 404 3433 ex
422 3390 511 3442 auro,
534 3373 629 3432 crines
647 3373 795 3433 nodantur
816 3374 846 3433 in
869 3389 992 3444 aurum,

139 3470 229 3514 aurea
247 3472 427 3533 purpuream
445 3455 590 3517 subnectit
610 3455 698 3517 fibula
719 3464 837 3518 vestem.
