2400 3878
137 183 178 244 ⁶6
433 193 572 240 vnnonn
596 192 795 240 ononoroou
816 194 856 239 ιιι

137 348 215 408 solve
236 366 347 416 mares;
371 352 451 408 mitte
472 349 501 406 in
524 346 666 406 Venerem
688 348 825 423 pecuaria
847 348 967 423 primus,

137 439 224 508 atque
245 430 330 491 aliam
353 451 387 491 ex
409 431 463 490 alia
486 430 652 506 generando
674 429 775 489 suffice
796 429 918 505 prolem.

137 517 244 591 optima
267 532 399 592 quaeque
422 515 483 573 dies
505 514 619 572 miseris
640 511 813 572 mortalibus
834 514 894 573 aeri

137 598 229 674 prima
253 597 340 674 fugit:
363 597 489 656 subeunt
511 595 604 655 morbi
628 596 773 673 tristisque
793 603 928 655 senectus

137 687 166 740 et
187 679 283 747 labor,
308 687 336 739 et
357 680 449 740 durae
470 681 546 756 rapit
567 677 749 738 inclementia
772 680 882 737 mortis.

136 781 253 840 semper
275 771 373 832 erunt,
397 781 520 841 quarum
542 763 647 821 mutari
669 779 794 837 corpora
816 760 913 820 malis:

136 865 253 923 semper
276 848 352 906 enim
374 847 461 905 refice
483 863 532 913 ac,
555 864 592 904 ne
614 851 679 921 post
700 846 804 904 amissa
826 845 968 923 requiras,

136 937 203 990 ante
226 931 289 989 veni
311 937 339 989 et
360 929 492 989 subolem
515 936 647 987 armento
668 929 773 987 sortire
796 928 957 1005 quotannis.

179 1013 238 1072 Nec
260 1030 319 1071 non
341 1019 369 1072 et
391 1013 490 1088 pecori
513 1020 555 1071 est
577 1012 655 1072 idem
677 1011 798 1071 dilectus
821 1012 936 1089 equino.

138 1105 168 1156 tu
190 1096 291 1164 modo,
314 1113 388 1173 quos
410 1097 438 1154 in
461 1113 543 1172 spem
564 1102 673 1154 statues
695 1095 875 1155 summittere
898 1095 1000 1171 gentis,

138 1182 327 1257 praecipuum
349 1179 405 1237 iam
427 1179 495 1238 inde
517 1197 532 1237 a
554 1180 663 1238 teneris
678 1177 814 1255 impende
836 1175 976 1236 laborem.

138 1263 274 1322 continuo
296 1262 410 1337 pecoris
432 1263 566 1337 generosi
588 1259 684 1338 pullus
706 1262 736 1318 in
758 1261 834 1319 arvis

139 1344 223 1406 altius
243 1343 418 1419 ingreditur,
443 1353 471 1405 et
492 1343 589 1403 mollia
613 1361 698 1403 crura
720 1344 850 1418 reponit;

139 1431 249 1506 primus
272 1435 300 1488 et
321 1429 364 1487 ire
386 1427 460 1487 viam
482 1437 510 1488 et
532 1427 634 1486 lluvios
656 1433 798 1504 temptare
819 1427 955 1485 minantis

141 1511 224 1571 iudet
245 1518 274 1571 et
295 1512 393 1589 ignoto
415 1529 479 1571 sese
502 1512 682 1570 committere
704 1511 793 1587 ponti,

139 1612 193 1654 nec
214 1612 302 1653 vanos
324 1594 426 1655 horret
447 1595 592 1672 strepitus.
637 1593 677 1652 illi
699 1594 789 1652 ardua
812 1593 908 1652 cervix

139 1685 331 1753 argutumque
353 1685 452 1753 eaput,
475 1677 570 1736 brevis
593 1677 670 1735 alvos
692 1675 838 1753 obesaque
860 1683 950 1750 terga,

138 1758 322 1834 luxuriatque
343 1762 414 1818 toris
436 1762 598 1819 animosum
620 1766 731 1834 pectus.
775 1759 888 1818 honesti

138 1842 269 1918 spadices
291 1839 458 1918 glancique,
482 1839 562 1901 color
585 1843 759 1900 deterrimus
779 1840 852 1899 albis

140 1931 167 1983 et
189 1924 272 2001 gilvo.
317 1931 392 1992 tum,
416 1925 498 2002 siqua
520 1942 624 1983 sonum
646 1923 749 2001 procul
771 1923 852 1983 arma
876 1923 992 1992 dedere,

138 2014 215 2066 stare
236 2005 300 2066 loco
321 2009 427 2075 nescit,
451 2009 538 2066 micat
559 2007 679 2068 auribus
701 2016 729 2067 et
751 2008 849 2066 tremit
870 2014 959 2076 artus,

139 2089 350 2167 collectumque
371 2109 508 2166 premens
530 2090 615 2150 volvit
636 2090 691 2150 sub
714 2088 833 2150 naribus
855 2091 960 2167 ignem.

139 2174 228 2233 densa
248 2172 330 2242 iuba,
354 2182 382 2232 et
404 2174 506 2233 dextro
528 2176 630 2233 iactata
653 2173 797 2234 recumbit
818 2175 848 2233 in
870 2191 968 2242 armo;

138 2265 168 2315 at
190 2255 296 2333 duplex
319 2257 414 2331 agitur
435 2275 488 2334 per
509 2256 625 2317 lumbos
646 2259 743 2333 spina,
767 2265 906 2335 cavatque

139 2338 273 2400 tellurem
295 2347 323 2398 ot
344 2337 435 2399 solido
457 2342 583 2417 graviter
605 2349 688 2400 sonat
710 2338 817 2417 ungula
839 2357 939 2400 cornu.

138 2422 202 2482 talis
223 2421 368 2499 Amyclaei
389 2422 515 2482 domitus
536 2421 662 2483 Pollucis
682 2423 804 2483 habenis

139 2505 268 2584 Cyllarus
290 2514 332 2575 et,
356 2524 481 2584 quorum
503 2506 572 2567 Grai
592 2507 753 2568 meminere
774 2514 885 2582 poetae,

139 2589 237 2648 Martis
259 2591 325 2667 equi
346 2589 459 2667 biiuges
481 2600 509 2650 et
530 2592 627 2668 magni
649 2609 754 2650 currus
775 2589 903 2650 nchilei.

140 2672 203 2732 talis
225 2674 336 2749 etipse
357 2673 454 2733 iubam
477 2676 589 2734 cervice
611 2674 730 2733 ellundit
752 2675 856 2750 equina

139 2755 270 2831 coniugis
292 2756 415 2816 adventu
437 2757 541 2832 pernix
563 2756 720 2824 SaturnuS,
744 2762 772 2815 et
793 2755 883 2816 altum

140 2837 239 2897 Pelion
261 2838 373 2897 hinnitu
395 2838 508 2913 lugiens
529 2839 656 2914 implevit
677 2845 772 2897 acuto.

181 2920 266 2978 llunc
278 2937 404 2996 quoque,
417 2920 467 2978 ubi
475 2934 524 2978 aut
536 2919 640 2979 morbo
656 2921 750 2998 gravis
762 2928 811 2981 aut
821 2923 877 2981 iam
889 2922 1005 3000 segnior
1016 2923 1148 2991 annuos

140 3002 251 3070 delicit,
286 3001 360 3061 abde
382 3003 483 3070 domo,
507 3021 561 3062 nec
583 3004 660 3080 turpi
682 3004 800 3079 ignosce
821 3012 963 3074 senectae,
1108 3016 1148 3073 96

73 3138 76 3145 .
140 3085 270 3160 quamvis
290 3102 377 3161 saepe
399 3084 466 3162 luga
487 3103 587 3145 versos
608 3085 655 3147 ille
678 3089 769 3164 egerit
790 3090 889 3157 bostis,
1092 3099 1149 3155 120

120 3172 169 3225 ·at
189 3167 312 3243 patriam
333 3167 453 3244 Epirum
475 3169 584 3229 relerat
604 3169 744 3248 sortisque
765 3172 908 3250 Mycenas,

141 3247 323 3327 Neptunique
344 3252 405 3327 ipsa
427 3251 552 3311 deducat
573 3253 684 3328 origine
705 3262 829 3330 gentem.
1092 3265 1148 3319 122

140 3331 261 3409 frigidus
282 3334 312 3391 in
328 3334 470 3394 Venerem
492 3337 604 3403 senior,
627 3336 793 3413 lrustraque
813 3337 943 3398 laborem
1107 3344 1147 3405 91

139 3417 283 3492 ingratum
306 3417 408 3484 trahit,
432 3426 461 3477 ct
482 3419 622 3495 siquando
644 3419 680 3478 ad
701 3419 811 3495 proelia
833 3427 983 3489 ventumst,
