2400 3878
446 171 587 218 VERGILI
608 169 747 220 Eunoen
767 173 804 218 1v

246 327 304 387 iam
327 342 418 385 cornu
440 333 521 402 petat
542 325 715 401 etpedibus
737 328 786 405 qui
809 333 927 404 spargat
948 328 1107 392 harenam.

244 412 281 472 I).
306 407 360 478 Qui
375 416 413 476 te,
428 408 524 479 Polio,
542 417 632 477 amat,
648 411 743 469 veniat
758 428 815 488 quo
831 419 860 469 te
874 427 992 488 quoque
1007 415 1138 489 gaudet;

245 492 332 553 mella
354 491 445 551 lluont
466 491 523 560 illi,
546 492 622 552 ferat
644 499 673 552 et
692 493 786 554 rubus
808 511 894 571 asper
915 512 1076 557 amomum.

142 568 150 590 ‘
245 579 286 637 M.
310 577 366 648 Qui
377 577 497 635 Bavium
512 593 570 634 non
586 574 654 642 odit,
672 584 749 637 arnet
764 586 812 637 tua
829 578 967 646 carmina,
980 577 1085 652 Maeui,
1102 592 1140 647 90

247 667 335 738 atque
357 660 434 719 idem
456 660 555 736 iungat
576 658 675 735 volpes
697 669 726 720 et
747 659 875 737 mulgeat
896 662 1003 721 hircos.

244 746 281 805 1).
306 742 361 813 Qui
382 742 476 820 legitis
498 742 587 802 liores
609 749 638 802 et
658 743 740 804 humi
762 745 909 804 nascentia
933 744 1024 824 fraga,

246 827 383 904 higidus,
407 828 538 903 opueri‚
561 827 653 904 sugite
667 827 750 898 hinc,
772 827 842 888 latet
864 829 966 905 anguis
981 831 1011 888 in
1026 830 1136 893 herba.

130 903 139 931 ‘
244 912 287 971 M.
312 910 440 979 Parcite,
459 927 541 978 oves,
559 912 679 970 nimium
694 912 872 988 procedere:
891 929 950 972 non
962 912 1037 973 hene
1049 916 1137 992 ripae

247 994 390 1061 creditum
413 995 476 1071 ipse
498 993 574 1053 aries
596 996 681 1054 etiarn
704 1013 783 1055 nunc
805 993 912 1055 vellera
935 997 1032 1057 siccat.
1100 1009 1136 1063 95

244 1079 282 1138 B.
306 1077 420 1156 Tityre,
442 1085 596 1152 pascentes
618 1096 634 1138 a
656 1078 776 1139 llumine
797 1080 876 1139 reice
899 1078 1040 1157 capellas:

247 1163 326 1238 ipse,
350 1159 401 1220 uhi
423 1167 538 1238 tempus
561 1163 629 1229 erit,
654 1163 748 1221 omnis
769 1164 799 1222 in
823 1163 903 1223 ionte
925 1162 1036 1223 lavabo.

247 1246 291 1305 M.
316 1243 416 1320 Cogite
439 1262 521 1312 oves,
544 1246 643 1321 pucri;
666 1247 690 1305 si
712 1244 757 1306 lac
779 1247 963 1324 praeceperit
984 1253 1090 1318 aestus,
1183 1239 1189 1252 '

246 1337 280 1389 ut
300 1346 410 1404 nuper,
433 1328 541 1387 frustra
564 1329 762 1405 pressabimus
784 1329 875 1390 ubera
897 1330 1010 1407 palmis.

250 1414 286 1474 I).
304 1411 369 1472 lleu
387 1412 454 1481 heu,
470 1430 557 1490 quam
580 1413 680 1491 pingui
703 1430 802 1473 macer
825 1422 868 1474 est
889 1415 960 1474 mihi
978 1421 1079 1475 taurus
1104 1416 1134 1475 in

946 1499 1027 1558 ervo!
1082 1510 1136 1562 100

249 1581 327 1641 idem
356 1599 438 1641 amor
461 1582 580 1641 exitium
606 1583 708 1659 pecori
728 1581 902 1658 pecorisque
925 1577 1076 1653 magistro.

138 1653 146 1677 '
251 1665 294 1723 M.
325 1664 376 1722 llis
406 1670 485 1723 certe
514 1682 609 1740 neque
636 1682 719 1723 amor
742 1681 829 1723 cansa
858 1669 915 1722 est:
944 1665 991 1722 vix
1019 1662 1135 1724 ossibus

937 1745 1068 1804 haerent.

247 1827 345 1887 nescio
368 1828 432 1904 quis
453 1833 571 1885 teneros
593 1824 694 1884 oculus
715 1826 786 1884 mihi
807 1826 929 1884 fascinat
951 1842 1051 1901 agnos.

246 1912 284 1971 l).
314 1908 383 1980 Dic,
414 1907 519 1986 quihus
546 1910 576 1968 in
603 1908 689 1967 terris
713 1941 748 1950 -
774 1913 802 1967 et
830 1909 887 1968 eris
914 1909 986 1967 mihi
1008 1924 1135 1984 magnus

944 1990 1047 2068 Apollo
1073 2026 1109 2036 —

247 2077 300 2136 tris
321 2083 419 2154 pateat
440 2074 517 2136 Caeli
539 2076 664 2152 spatium
684 2092 744 2135 non
766 2073 889 2152 amplius
911 2073 1004 2137 ulnas.
1083 2087 1133 2141 105

248 2162 292 2221 M.
315 2160 382 2228 Dic,
407 2159 511 2238 quihus
532 2161 562 2218 in
585 2160 670 2218 terris
691 2160 825 2236 inscripti
845 2161 964 2220 nomina
986 2176 1090 2238 regum

248 2250 406 2304 nascantur
428 2242 531 2311 llores;
561 2249 590 2302 et
610 2242 740 2321 Phyllida
762 2242 841 2302 solus
863 2243 979 2304 habeto.

249 2329 283 2387 P.
307 2327 373 2387 Non
394 2333 528 2386 nostrum
550 2327 699 2386 intervos
721 2333 815 2387 tantas
837 2344 1015 2403 componere
1036 2326 1111 2388 lites.

249 2417 278 2471 et
299 2410 387 2471 vitula
408 2417 441 2471 tu
463 2409 568 2487 dignus
590 2418 620 2471 et
640 2411 696 2471 hic.
742 2417 771 2470 et
792 2411 922 2488 quisquis
944 2427 1060 2471 amores

249 2493 321 2555 haul
330 2501 441 2555 temnet
462 2494 565 2564 dulcis,
587 2494 659 2555 haut
681 2496 848 2573 experietur
871 2513 995 2554 amaros.
1082 2506 1137 2567 lm

249 2578 373 2640 claudite
394 2579 453 2640 iam
475 2580 566 2648 rivos,
590 2580 689 2657 pueri:
717 2585 762 2639 sat
782 2587 866 2656 prata
888 2578 1034 2640 hihenmt.
1127 2612 1131 2625 ·

583 2914 641 3002 lv
665 2836 730 2904 ‘x
751 2765 997 3044 &33³

251 3076 391 3137 Sicelides
413 3094 528 3146 musae,
551 3075 638 3153 paulo
660 3077 771 3136 maiora
794 3077 945 3136 canamus!

250 3179 309 3222 non
332 3162 425 3221 omnis
448 3159 567 3220 arbusta
588 3161 688 3221 iuvant
708 3158 890 3236 humilesque
911 3158 1055 3237 myricam

251 3247 275 3305 si
297 3247 427 3305 canimus
449 3243 549 3312 silvas,
572 3243 660 3386 silpae
682 3244 739 3302 sint
761 3241 880 3302 consule
902 3243 1016 3317 dignae.

291 3328 397 3390 Ultima
421 3328 538 3390 Cumaei
560 3347 594 3388 vc
616 3328 716 3386 itiam
739 3326 875 3386 carminis
897 3333 991 3393 actas:

252 3413 434 3501 magnuslah
456 3415 570 3502 integro
592 3410 906 3499 saeclorumnascitur
923 3410 1010 3475 ordo.
1117 3420 1136 3473 ὀ
