2400 3878
432 201 575 250 vunnim
597 202 721 250 Annum
744 203 765 248 V

93 359 139 418 vix
160 360 270 434 primos
291 358 409 434 inopina
432 358 513 435 quies
532 355 679 417 laxaverat
700 365 789 426 artus,

95 451 123 500 et
145 458 232 517 super
256 440 428 502 incumbens
453 458 519 500 cum
541 439 646 517 puppis
665 447 748 516 parte
770 440 882 508 revolsa

95 542 220 601 cumque
241 522 419 600 gubernaclo
438 522 561 600 liquidas
583 523 705 600 proiecit
725 525 753 583 in
775 525 868 584 undas

93 607 282 686 praecipitem
302 625 335 667 ae
356 607 451 667 socios
473 607 649 684 nequiquam
668 624 755 683 saepe
774 614 942 675 vocantem;

94 693 155 767 ipse
173 688 272 751 volans
290 691 385 751 tenuis
406 708 437 749 se
464 689 577 750 sustulit
598 688 657 749 ales
680 689 716 749 ad
739 708 832 751 auras.

97 774 188 834 currit
209 773 264 833 iter
286 781 379 834 tntum
400 791 461 833 non
483 775 573 834 setius
594 791 723 849 aequore
740 772 839 835 classis

95 857 304 934 promissisque
326 859 416 935 patris
438 856 564 933 Neptuni
585 856 716 916 interrita
734 857 837 918 fertur.

95 942 209 1018 iamque
230 939 302 1000 adeo
322 939 458 1017 scopulos
480 939 616 1000 Sirenum
637 939 758 1000 advecta
778 940 894 1002 subibat

95 1022 217 1083 difficilis
236 1024 383 1100 quendam
406 1022 623 1100 multorumque
643 1023 756 1084 essibus
777 1024 858 1085 albos

95 1110 167 1181 (tum
189 1125 277 1166 rauca
300 1107 420 1167 adsiduo
442 1106 529 1182 longe
547 1108 607 1167 sale
629 1124 697 1167 saxa
720 1107 886 1185 sonabant),

95 1196 263 1266 cumpater
285 1192 389 1250 amisso
412 1190 571 1250 lluitantem
593 1207 693 1251 errare
713 1192 852 1269 magistro

94 1274 196 1340 sensit,
217 1275 327 1349 etipse
350 1281 442 1333 ratem
465 1275 614 1333 nocturnis
635 1276 710 1334 rexit
727 1276 757 1333 in
779 1275 879 1346 undis,

94 1355 182 1415 multa
205 1372 325 1432 gemens
347 1375 473 1434 casuque
493 1358 621 1417 animum
643 1375 802 1418 concussus
824 1360 917 1420 amici.

112 1457 129 1497 ο
152 1439 272 1499 nimium
295 1437 375 1499 caelo
397 1447 424 1500 et
445 1437 548 1515 pelago
572 1440 679 1500 confise
703 1458 822 1510 sereno,

94 1522 189 1582 nudus
211 1522 371 1599 inignem,
395 1522 543 1590 Palinure,
565 1521 673 1582 iacebis
692 1522 826 1582 harena'

94 1607 135 1666 sic
158 1604 234 1664 latur
255 1603 428 1674 lacrimans,
453 1603 595 1681 classique
616 1606 733 1664 inmittit
750 1605 891 1675 habenas.

96 1695 122 1749 et
143 1688 260 1748 tandem
282 1688 418 1749 Euboicis
439 1687 594 1749 Cumarum
617 1687 759 1748 allabitur
781 1691 848 1750 oris.

1054 616 1105 672 860
