2400 3878
423 241 566 289 vanem
586 240 710 290 Altum
724 241 762 288 Π

99 397 176 476 quod
196 397 283 456 vitam
304 413 404 456 moror
426 397 547 456 invisam
565 395 694 457 Pallante
714 405 877 475 perempte,

98 481 218 542 dextera
241 496 327 539 causa
348 486 433 548 tuast,
455 478 589 541 Turnum
611 488 758 558 gnatoque
776 481 910 558 patrique

98 581 187 641 quam
209 561 317 623 debere
336 562 424 623 vides.
458 564 569 623 meritis
589 570 671 623 vacat
692 563 741 624 hic
762 562 815 624 tibi
837 562 917 622 solus

100 646 294 723 fortunaeque
314 645 405 706 locus.
440 662 499 705 non
521 648 595 707 vitae
617 646 722 723 gaudia
739 664 848 725 quaero

98 736 162 807 (nec
184 728 246 806 fas),
269 729 320 789 sed
341 736 428 805 gnato
448 730 542 789 manis
563 731 696 807 perferre
715 730 770 790 sub
792 728 885 790 imos.’

137 814 251 875 bruera
272 814 381 873 interea
404 813 518 872 miseris
539 813 711 873 mortalibus
732 813 837 874 almam

97 894 239 956 extulerat
259 894 365 965 lucem,
386 895 519 956 referens
540 913 630 975 opera
649 905 737 976 atque
755 897 887 958 labores:

82 981 154 1039 ‘iam
176 987 259 1056 pater
282 980 404 1048 Aeneas,
426 980 485 1038 iam
502 997 593 1040 curvo
615 983 646 1040 in
665 979 751 1042 litore
770 979 907 1041 Tarchon

96 1065 274 1123 constituere
295 1080 390 1142 pyras.
424 1060 483 1122 huo
506 1081 631 1142 corpora
651 1065 774 1143 quisque
793 1082 914 1124 suorum

96 1164 178 1206 more
199 1145 294 1207 tulere
313 1156 438 1224 patrum.
462 1146 661 1225 subiectisque
683 1147 800 1226 ignibus
820 1149 890 1208 atris

96 1230 230 1290 conditur
252 1231 283 1288 in
307 1230 443 1290 tenebras
464 1229 555 1291 altum
575 1231 698 1308 caligine
720 1231 842 1292 caelum.

95 1321 140 1372 ter
164 1313 277 1373 circum
299 1330 439 1373 accensos
459 1314 546 1375 cincti
565 1315 743 1392 fulgentibus
765 1316 854 1375 armis

95 1395 254 1457 decurrere
274 1413 372 1472 rogos,
394 1404 440 1457 ter
461 1405 604 1457 maestum
623 1399 735 1458 funeris
753 1399 850 1474 ignem

95 1478 256 1539 lustravere
277 1480 308 1538 in
330 1480 413 1555 equls
434 1477 617 1558 turbatusque
640 1498 693 1540 ore
714 1480 838 1548 dedere:

95 1563 242 1641 spargitur
265 1569 293 1622 et
314 1560 399 1621 tellus
423 1558 559 1640 lacrimis,
583 1570 761 1641 sparguntur
784 1569 813 1622 et
837 1580 933 1622 arma:

94 1645 117 1705 it
139 1645 218 1704 caelo
241 1643 410 1721 clamorque
431 1645 526 1705 virum
547 1644 727 1724 clangorque
748 1644 895 1706 tubarum.
968 1700 972 1703 ,

95 1727 143 1788 bic
163 1727 212 1788 alii
233 1727 325 1806 spolia
348 1728 451 1788 occisis
473 1728 595 1808 derepta
614 1729 722 1789 Latinis

97 1813 244 1872 coniciunt
265 1812 333 1887 igni,
357 1809 454 1890 galeas
477 1829 619 1892 ensesque
640 1812 763 1874 decoros

95 1895 236 1974 frenaque
257 1894 454 1975 ferventisque
475 1902 570 1965 rotas;
593 1914 661 1976 pars
683 1915 805 1957 munera
827 1907 905 1965 nota,

96 1979 228 2057 ipsorum
248 1978 356 2056 clipeos
379 1987 408 2039 et
426 1997 487 2039 non
509 1980 603 2042 felicia
623 1980 690 2042 tela.

95 2061 184 2123 multa
206 2063 295 2122 boum
317 2065 395 2124 circa
414 2071 580 2125 mactantur
603 2083 728 2145 corpora
744 2066 838 2135 Morti,

95 2148 313 2225 saetigerosque
335 2165 402 2208 sues
424 2156 581 2227 raptasque
601 2168 637 2210 ex
658 2148 794 2210 omnibus
815 2151 893 2227 agris

94 2230 124 2290 iu
146 2230 294 2291 flammam
312 2230 446 2308 iugulant
466 2231 605 2311 pecudes.
637 2239 701 2293 tum
719 2232 805 2294 litore
825 2240 887 2293 toto
941 2310 943 2315 .

95 2313 222 2375 ardentis
241 2323 373 2393 spectant
392 2318 488 2376 socios
509 2324 695 2394 semustaque
717 2326 835 2377 serrant

95 2398 180 2458 busta
201 2415 297 2476 neque
319 2397 402 2458 avelli
421 2407 552 2476 possunt,
572 2395 631 2459 nox
652 2400 751 2460 umida
773 2398 867 2459 donee

95 2482 212 2542 invertit
234 2479 347 2541 caelum
369 2479 460 2542 stellis
481 2480 651 2540 ardentibus
673 2489 783 2559 aptum.

137 2565 198 2625 Nec
220 2564 315 2624 minus
339 2571 369 2623 et
386 2564 487 2623 miserl
509 2564 624 2623 diversa
645 2565 677 2623 in
697 2571 779 2641 parte
801 2563 895 2624 Latini

56 2667 59 2671 ·
93 2651 263 2708 lunumeras
285 2656 418 2707 suuxere
440 2663 535 2725 pyras,
557 2658 585 2706 et
603 2664 728 2725 corpora
749 2644 855 2725 partim

94 2729 185 2791 marita
208 2732 301 2790 virum
322 2737 420 2790 terrae
442 2729 586 2789 infodiunt
607 2737 765 2809 avectaque
791 2733 897 2808 partim

93 2814 231 2874 finitimos
253 2813 359 2873 tollunt
378 2815 408 2872 in
427 2829 514 2889 agros
537 2812 661 2892 urbique
682 2813 842 2883 remittunt,

94 2905 191 2959 cetera
213 2897 411 2975 confusaeque
433 2898 580 2974 ingentem
603 2895 738 2959 caedis
717 2915 853 2959 acervom

94 2997 149 3041 neo
169 2999 293 3042 numero
314 2998 368 3042 nee
391 2981 504 3042 bonore
523 2989 670 3043 cremant·
691 2989 762 3043 tunc
784 2981 913 3060 undique
933 2981 1006 3040 rasti

95 3044 278 3124 certadm
250 3065 363 3125 crebris
385 3065 541 3126 conlucent
557 3064 674 3143 ignibus
694 3068 767 3144 agri.

93 3147 178 3205 tertia
196 3146 246 3207 lux
264 3147 391 3223 gelidam
413 3147 494 3228 caelo
516 3148 676 3209 dimoverat
697 3149 851 3208 umbram:
1050 3151 1100 3203 210

94 3236 260 3289 maerentes
282 3229 373 3290 altum
396 3233 526 3290 cinerem
548 3240 577 3292 et
598 3232 719 3291 confusa
736 3231 863 3291 ruebant

95 3328 160 3371 ossa
181 3311 254 3371 focis
273 3312 430 3391 tepidoque
451 3313 613 3374 onerabant
635 3330 743 3390 aggere
763 3321 869 3372 terrae.

94 3396 152 3455 iam
173 3395 295 3456 veroin
314 3396 407 3464 tectis,
426 3395 595 3474 praedivitis
616 3395 692 3457 urbe
714 3395 819 3465 Latini,

94 3481 269 3558 praecipuus
288 3477 389 3552 fragor
407 3485 436 3537 et
456 3476 536 3553 longi
558 3496 626 3557 pars
646 3478 771 3539 maxima
793 3477 897 3540 luctus.
