2400 3878
415 229 558 275 vunornr
572 228 697 276 sunnis
716 229 766 274 xn
1029 214 1090 276 335

87 386 152 447 diva
174 386 268 454 deam,
289 383 399 459 stagnis
420 400 495 461 quae
516 381 742 460 fluminibusque
763 385 880 442 sonoris

87 468 234 547 praesidet
253 466 342 546 (bunc
361 463 402 525 illl
423 483 477 525 rex
499 466 625 526 aetheris
647 465 722 526 altus
743 466 886 526 honorem
1043 473 1093 525 140

87 551 219 630 luppiter
241 557 341 628 erepta
362 566 417 626 pro
439 550 601 626 virginitate
620 549 767 627 sacravit):

88 635 241 712 'nympha
264 634 353 694 decus
375 631 539 702 fluviorum,
566 635 662 693 animo
684 634 845 709 gratissima
868 644 978 701 nostro,

87 719 145 776 scis
166 726 198 776 ut
217 725 247 778 te
267 717 378 776 cunctis
399 733 496 783 unam,
518 735 718 794 quaecumque
737 717 855 777 Latinae

88 801 263 875 magnanimi
284 799 359 860 lovis
378 801 525 877 ingratum
545 802 703 861 ascendere
723 800 827 869 cubile,

87 882 275 961 praetulerim
299 882 430 961 caelique
451 882 554 943 lubens
576 885 605 942 in
625 893 708 962 parte
729 884 866 944 locarim:
1043 893 1092 942 1⁴5

89 966 168 1026 disce
188 978 334 1037 tuumne
356 984 404 1027 me
425 971 550 1037 incuses,
573 967 701 1035 Iuturna,
724 965 865 1028 dolorem.

90 1067 146 1127 qua
166 1051 225 1109 risa
248 1059 291 1110 est
311 1049 441 1110 Fortuna
460 1052 520 1128 pati
540 1068 705 1128 paucaeque
725 1050 858 1110 sinebant

89 1132 194 1193 cedere
215 1150 264 1193 res
286 1134 377 1203 Latio,
400 1133 532 1193 'l'urnum
551 1143 580 1193 et
600 1145 648 1193 tua
671 1136 785 1194 moenia
808 1137 881 1195 texi:

89 1233 166 1274 nunc
186 1216 321 1276 iuvenem
342 1217 494 1295 inparibus
517 1218 599 1278 video
622 1236 800 1278 concurrere
820 1220 895 1287 latis,

88 1315 304 1379 parcarumque
326 1300 388 1360 dies
410 1309 439 1360 ct
460 1303 502 1360 vis
523 1302 639 1360 inimica
660 1304 846 1380 propinquat.
1043 1311 1093 1360 150

90 1399 151 1442 uon
172 1400 301 1461 pugnam
322 1385 451 1462 aspicere
471 1385 547 1442 hanc
569 1384 669 1451 oculis,
692 1402 751 1442 non
772 1385 890 1444 foedera
910 1402 1038 1462 possum.

89 1474 119 1524 tu
141 1483 195 1542 pro
218 1483 358 1543 germano
380 1466 474 1544 siquid
494 1469 677 1544 praesentius
698 1467 797 1534 audes,

88 1567 195 1627 perge:
218 1550 309 1616 decet,
342 1552 442 1609 forsan
464 1550 586 1608 miseros
607 1547 729 1607 meliora
751 1550 929 1626 sequentur.'

88 1635 133 1692 vix
155 1651 198 1702 ea,
220 1651 288 1693 cum
308 1633 443 1693 lacrimas
464 1629 556 1691 oculis
578 1630 697 1690 Iuturna
717 1632 847 1707 proludit

89 1725 192 1793 terque
215 1726 376 1794 quaterque
398 1733 486 1774 manu
504 1724 607 1792 pectus
628 1716 772 1791 percussit
791 1716 955 1775 honestum.
1046 1725 1093 1773 lto

89 1809 164 1856 ‘non
185 1797 323 1859 lacrumis
344 1799 400 1858 hoc
423 1796 551 1875 tempus'
574 1798 613 1856 ait
635 1797 769 1856 Saturnia
790 1798 877 1858 luno:

90 1881 239 1942 ‘adcelera
259 1891 287 1942 ct
309 1884 439 1951 fratrem,
461 1882 551 1959 siquis
570 1880 683 1950 modus
707 1883 787 1960 eripe
808 1885 903 1952 morti,

89 1974 139 2024 aut
159 1974 190 2025 tu
209 1965 283 2025 bella
307 1969 351 2027 cie
374 1976 606 2043 conceptumque
630 1974 732 2025 excute
755 1965 872 2026 foedus:

91 2058 192 2108 auctor
214 2066 269 2126 ego
290 2047 435 2109 audendi!
465 2051 507 2108 sic
524 2048 674 2108 exhortata
696 2049 812 2126 reliquit

89 2132 230 2194 incertam
253 2141 282 2191 et
302 2134 376 2192 tristi
399 2133 542 2192 turbatam
563 2131 682 2193 voluere
704 2136 815 2192 mentis.

131 2215 247 2275 lnterea
268 2233 363 2294 reges,
385 2217 495 2294 ingenti
518 2216 595 2276 mole
614 2216 732 2276 Latinus

89 2298 262 2376 quadriiugo
283 2299 397 2360 vehitur
418 2318 516 2369 curru,
540 2301 586 2360 cui
606 2309 739 2377 tempora
763 2302 872 2358 circum

89 2385 183 2441 aurati
204 2382 249 2442 bis
272 2402 322 2442 sex
345 2382 418 2441 radii
438 2382 576 2458 lidgentia
600 2385 729 2457 cingunt,

90 2464 165 2524 Solis
184 2466 228 2524 avi
247 2466 409 2542 specimen;
431 2464 504 2541 bigis
527 2467 549 2523 it
567 2465 684 2524 Turnus
706 2466 736 2523 in
758 2464 839 2530 albis,

89 2547 158 2606 bina
176 2565 264 2607 manu
283 2547 341 2606 lato
361 2549 492 2625 crispans
511 2548 623 2607 hastilia
643 2548 737 2614 ferro:

90 2630 159 2688 binc
177 2638 259 2705 pater
281 2632 403 2698 Aeneas,
424 2627 572 2692 Romanae
594 2633 691 2706 stirpis
711 2633 803 2706 origo,

90 2711 205 2770 sidereo
228 2712 356 2788 flagrans
378 2711 470 2789 clipeo
490 2723 518 2773 et
540 2713 713 2774 caelestibus
733 2715 831 2781 armis,

91 2802 120 2854 et
136 2796 214 2854 iuxta
236 2796 384 2864 Ascanius,
407 2812 529 2872 magnae
549 2816 617 2875 spes
636 2799 726 2858 altera
745 2797 863 2864 Romae,

89 2880 253 2955 procedunt
275 2882 384 2948 castris
405 2897 538 2958 puraque
560 2884 588 2940 in
612 2891 690 2941 veste
711 2881 848 2939 sacerdos

89 2964 224 3040 saetigeri
241 2964 332 3026 letum
352 2963 411 3024 suis
432 2965 635 3042 intonsamque
656 2964 804 3031 bidentem

89 3047 183 3105 attulit
202 3049 385 3126 admovitque
406 3066 498 3128 pecus
518 3048 708 3123 flagrantibus
730 3050 796 3107 aris.

88 3128 129 3186 illi
152 3130 377 3209 adsurgentem
401 3134 534 3191 conversi
554 3130 663 3202 lumina
686 3131 776 3190 solem

90 3212 159 3270 dant
178 3212 279 3290 fruges
298 3215 432 3274 manibus
454 3214 543 3274 salsas
563 3224 591 3273 et
613 3223 745 3291 tempora
769 3218 846 3271 t'erro

90 3312 202 3353 summa
224 3308 325 3363 notant
342 3298 489 3374 pecudum
511 3298 678 3375 paterisque
698 3297 798 3354 altaria
820 3295 910 3353 libant

89 3387 150 3436 turn
172 3379 237 3455 pius
258 3383 369 3440 Aeneas
389 3383 489 3440 stricto
511 3382 553 3439 sic
574 3397 644 3439 ense
663 3388 816 3458 precatur:

91 3468 170 3520 ‘esto
193 3479 271 3521 nunc
291 3462 341 3522 Sol
363 3465 445 3523 testis
465 3473 493 3523 et
514 3464 588 3523 haec
604 3463 674 3521 mibi
695 3461 786 3520 Terra
804 3462 927 3520 vocanti.
