2400 3878
132 201 188 260 114
468 207 610 256 vnuorm
632 208 757 256 annuas
781 209 806 255 n

130 366 314 435 conticuere,
334 382 424 444 sopor
445 362 537 424 lessos
560 359 763 439 complectitur
784 368 873 424 artus.

131 459 160 513 et
183 452 240 510 iam
263 449 368 526 Argiva
387 446 513 527 phalanx
535 446 683 506 instructis
705 444 826 506 navibus
844 446 903 507 ibat

129 553 146 596 a
165 533 285 594 Tenedo
304 533 410 592 tacitae
431 549 485 608 per
506 507 730 590 amittentem
752 530 839 592 lunae

129 617 214 680 litora
236 624 305 676 nota
328 624 446 693 petens:
470 614 602 673 llammas
626 631 692 673 cum
714 615 794 691 regia
816 617 921 693 puppis

130 700 290 770 extulerat,
313 700 437 777 latisque
456 698 543 758 deum
566 697 703 757 defensus
724 698 830 777 iniquis

129 784 259 846 inclusos
282 791 366 844 utero
390 783 503 843 llauaos
527 790 554 843 et
572 782 657 857 pinea
678 777 815 840 furtim*

130 869 208 930 laxat
229 866 355 929 claustra
375 867 473 926 Sinon.
519 864 583 924 illos
605 864 768 942 patefactus
788 865 825 925 ad
847 884 933 926 auras

129 953 225 1014 reddit
246 969 329 1020 ecus,
358 949 484 1027 laetique
506 968 575 1010 cavo
598 966 629 1009 se
639 930 761 1009 miore
782 958 923 1026 promunt

128 1035 334 1096 Thessandrus
357 1033 571 1111 Sthenelusque
594 1032 682 1093 duces
706 1040 734 1093 et
756 1033 836 1093 dirus
857 1032 955 1095 Ulixes

131 1121 289 1181 demissum
311 1117 384 1195 lapsi
404 1136 457 1195 per
477 1118 594 1186 sunem,
614 1110 972 1196 Acamasque'Thoasque

132 1203 301 1281 Pelidesque
322 1200 529 1279 Neoptolemus
551 1202 721 1278 primusque
743 1200 885 1262 Machaon

131 1295 159 1348 et
182 1286 330 1347 Menelaus
354 1287 466 1362 etipse
490 1284 548 1344 doli
571 1283 730 1344 fabricator
751 1283 857 1363 Epeos.

129 1371 268 1431 invadunt
288 1369 392 1430 urbem
414 1387 516 1428 somno
538 1370 662 1446 vinoque
686 1367 848 1445 sepultam;

130 1455 292 1515 caeduntur
314 1453 430 1530 vigiles,
453 1454 603 1531 portisque
625 1451 792 1530 patentibus
812 1454 906 1512 omnis

129 1539 274 1616 accipiunt
296 1539 390 1598 socios
411 1544 497 1615 atque
520 1540 636 1613 agmina
659 1536 774 1596 conscia
794 1538 926 1613 iungunt.

171 1621 300 1698 Tempus
324 1630 400 1691 crat,
427 1639 484 1698 quo
506 1622 600 1698 prima
623 1621 704 1697 quies
727 1619 899 1681 mortalibus
921 1622 1017 1699 aegris

129 1705 229 1781 incipit
249 1712 277 1764 et
299 1705 377 1764 dono
401 1705 496 1764 divom
520 1705 683 1780 gratissima
705 1705 805 1780 serpit.

131 1791 159 1849 in
182 1788 292 1847 somnis
315 1806 384 1848 ecce
407 1796 473 1847 ante
497 1787 597 1846 oculos
621 1775 831 1876 maestissimus
854 1788 963 1850 Hector

129 1872 206 1961 visus
227 1869 330 1931 adesse
352 1871 423 1930 mihi
445 1869 601 1948 largosque
624 1856 774 1931 ess‘undere
792 1871 893 1942 iletus,

129 1961 261 2032 raptatus
284 1954 359 2034 bigis
382 1964 416 2015 ut
435 1954 584 2031 quondam
603 1960 725 2032 aterque
745 1966 867 2017 cruento

128 2037 248 2115 pulvere
268 2028 380 2116 perque
402 2039 491 2116 pedes
513 2039 652 2099 traiectus
674 2036 906 2137 legatumque.

131 2123 157 2182 ei
178 2121 249 2182 mihi
271 2121 363 2199 qualis
387 2130 464 2191 erat,
488 2131 629 2200 quantum
652 2128 780 2182 mutatus
801 2122 837 2183 ab
859 2123 909 2184 illo

129 2204 274 2275 llectore,
298 2206 348 2283 qui
370 2207 446 2267 redit
469 2207 585 2289 emmas
603 2206 721 2296 QS
742 2205 846 2267 hchilli

131 2287 175 2349 vel
191 2289 323 2350 Danaum
345 2289 487 2368 Phrygios
509 2289 650 2350 iaculatus
672 2289 821 2368 puppibus
841 2292 930 2369 ignia,

128 2371 309 2450 squalentem
331 2372 453 2434 herbam
476 2382 504 2434 et
525 2381 677 2434 concretos
700 2375 840 2452 sanguine
863 2375 952 2435 crinis

128 2455 305 2535 volneraque
327 2456 375 2517 illa
398 2474 520 2534 gerens,
545 2476 619 2538 quae
641 2459 751 2518 circum
771 2456 897 2536 plurima
919 2476 1020 2520 muros

128 2542 241 2618 accepit
262 2543 388 2619 patrios!
409 2541 486 2603 uluo
509 2541 583 2602 ssens
604 2541 667 2621 ipse
688 2540 808 2603 videbar

128 2624 305 2702 compellare
325 2628 420 2687 virum
441 2636 469 2687 et
490 2614 615 2687 nomas
637 2644 811 2705 expromere
828 2644 929 2688 voces:

145 2700 435 2780 o‘lrffilardaniae,
457 2728 525 2788 spes
549 2728 565 2780 o
587 2710 725 2770 fidissima
747 2711 910 2780 Teucrum,

128 2809 203 2869 quac
222 2799 319 2853 tantae
341 2804 463 2854 tenuere
482 2795 602 2854 moraet
624 2793 731 2872 quibus
752 2795 861 2856 llector
884 2793 920 2854 ab
943 2797 1002 2856 oris

128 2881 279 2952 expectate
298 2877 398 2936 venis?
419 2885 451 2936 ut
472 2885 499 2937 te
520 2884 587 2953 post
608 2875 698 2936 molta
722 2884 841 2940 tuorum

128 2957 246 3028 lunera,
269 2966 337 3037 post
357 2961 451 3019 varios
467 2960 678 3038 hominumque
700 2960 841 3042 urbisque
861 2961 978 3024 labores

128 3040 233 3101 defessi
251 3043 421 3121 aspicimus!
445 3060 521 3121 quae
540 3042 630 3103 ¹causa
652 3044 770 3122 indigna
793 3064 913 3107 serenos

127 3124 252 3186 foedavit
269 3125 383 3186 voltus?
403 3134 453 3188 aut
476 3146 527 3188 cur
550 3128 623 3189 haec
645 3128 764 3190 volnera
784 3131 905 3192 cerno?¹

127 3207 174 3268 ille
196 3210 281 3279 nihil,
309 3228 365 3271 nec
386 3230 434 3273 me
456 3219 645 3292 quaerentem
666 3232 739 3275 vana
760 3223 909 3286 moratur,

127 3292 178 3352 sed
200 3297 326 3372 graviter
348 3297 472 3372 gemitus
498 3298 557 3357 imo
576 3297 613 3358 de
632 3305 752 3375 pectore
775 3299 885 3360 ducens

128 3376 200 3437 ‘heu
223 3377 305 3457 luge,
335 3389 401 3441 uate
424 3381 495 3451 dea,
518 3389 605 3460 teque
627 3382 686 3442 his'
707 3385 747 3443 ait
768 3385 864 3461 ‘eripe
887 3380 1022 3445 llamnus.
1123 3468 1127 3475 Ι

128 3460 218 3523 hostis
240 3461 328 3526 hahet
348 3482 462 3530 muros.
494 3467 553 3525 ruit
573 3466 630 3525 alto
649 3485 664 3525 a
690 3465 815 3527 culmine
834 3467 930 3527 Troia.
