2400 3878
93 204 207 252 xxvttt
398 201 447 247 nti
469 200 552 248 VITA
573 201 619 248 ut*
641 199 794 248 SCRIPTIS

94 363 166 419 centl
193 359 289 416 dolore
310 375 439 433 oppressa
465 358 595 416 defecisse
621 358 721 420 fertur,
748 357 883 432 lletusque
908 366 1050 432 parentum
1074 376 1110 418 aa

93 446 209 520 gemitus
224 451 369 498 extremam
384 442 447 499 libri
461 451 564 516 partem
580 448 740 514 prosecutus
756 435 839 514 est¹).

177 526 303 583 Ceterum
318 527 435 599 scriptus
456 535 521 598 post
540 542 639 581 annum
655 525 728 588 725,
749 526 796 581 sed
812 533 878 582 ante.
889 525 948 582 727
964 543 988 582 a.
1005 526 1031 582 d.
1048 525 1108 583 lll'l

95 610 152 667 llal.
171 609 249 667 l'ebr.
261 614 384 682 primus,
402 617 466 682 post
480 609 595 665 eundem
610 610 753 664 terminum
766 620 842 665 ortus
858 616 984 680 catanus,
1001 614 1108 668 tertius

97 703 161 769 post
175 711 199 751 a.
217 693 293 756 726.
316 709 366 748 nec
380 694 516 748 recentior
531 709 564 748 eo
579 700 716 766 quartus,
738 693 787 748 sed
802 702 844 749 est
858 697 1011 750 secundus.
1040 704 1107 767 post

94 779 205 836 tertium
220 785 247 833 et
268 783 392 850 quartum
408 785 436 833 et
456 778 521 832 noni
542 785 645 851 partem
659 785 732 833 certe
747 785 825 832 natus
841 786 883 832 est
902 781 1034 851 quintus,
1055 777 1106 833 sed

93 877 188 920 nonas
209 876 318 934 quoque
339 869 403 934 post
428 861 537 915 tertium
559 870 587 917 et
608 869 742 934 quartum.
778 861 873 916 ultimo
894 863 963 917 vitae
985 876 1055 916 auno
1076 861 1106 916 in

95 949 214 1018 septimo
228 953 309 1017 poeta
324 944 376 999 luit
392 937 577 1017 oocupatns2).
608 944 719 1018 reliquis
734 943 808 1000 libris
824 946 953 1018 temporis
969 952 1032 1001 nota
1047 959 1106 1000 non

93 1032 175 1086 inest.
211 1025 348 1084 crescebat
368 1035 458 1083 autem
479 1044 540 1083 cum
561 1043 644 1101 opere
664 1029 822 1102 gravissimo
843 1030 1042 1100 amicorumque
1058 1029 1106 1100 qni

93 1121 183 1188 partes
204 1119 389 1186 cognoverant
403 1111 578 1166 admiratione
593 1111 770 1174 desiderium,
792 1119 823 1166 ut
838 1111 944 1166 tarrdern
960 1111 1105 1183 ahquando

92 1196 242 1270 perlectum
263 1194 367 1250 videret
386 1194 553 1267 dignumque
573 1203 602 1250 et
627 1211 675 1249 sua
695 1210 744 1266 spe
765 1202 793 1249 et
819 1193 931 1249 aliorum
952 1195 1105 1266 praeconiis

93 1280 173 1336 edere
188 1287 291 1351 posset.
314 1278 366 1333 hoc
378 1280 466 1333 animo
478 1277 541 1332 dum
556 1279 584 1332 ln
596 1277 755 1332 Surrentino
771 1277 850 1333 litore
866 1275 999 1331 habitabat
1009 1284 1103 1333 votnm

95 1363 191 1420 Veneri
204 1362 330 1433 concepit
346 1361 419 1434 quod
434 1361 461 1416 in
476 1362 553 1416 catal.
570 1360 602 1415 Vl
617 1360 728 1434 legitur.

180 1443 277 1502 ‘huuc
299 1447 393 1500 aetatis
415 1445 639 1518 quinquagesimo
661 1444 780 1499 secundo
801 1445 977 1517 impositurus
993 1443 1104 1500 Aeneidi

93 1546 223 1586 summam
232 1545 341 1585 manum
352 1529 448 1584 statuit
462 1529 490 1584 in
507 1527 641 1584 Graeciam
653 1535 681 1583 et
694 1529 722 1583 in
734 1529 822 1583 Asiam
836 1528 961 1584 secedere
974 1528 1103 1583 triennio·

94 1630 147 1687 que
159 1614 290 1670 continuo
302 1614 369 1668 nihil
386 1612 498 1685 amplius
514 1629 593 1685 quam
609 1611 757 1674 emendare,
774 1620 804 1667 ut
818 1611 922 1684 reliqua
933 1614 987 1667 vita
1002 1617 1103 1666 laentum

95 1698 283 1771 philosophiae
298 1704 412 1752 vacaret.
443 1695 490 1751 sed
505 1712 566 1751 cum
587 1697 726 1769 ingressus
748 1697 800 1750 iter
814 1696 925 1750 Athenis
942 1695 1102 1750 occurrisset

94 1784 217 1857 Augusto
229 1779 260 1834 ab
273 1781 377 1836 oriente
388 1778 497 1834 Romam
508 1781 656 1834 revertenti
668 1778 893 1850 destinassetque’
909 1778 962 1833 leni
975 1778 1104 1849 prIncipis

93 1867 117 1921 vi
133 1873 253 1925 coactus.
270 1871 300 1918 ut
316 1864 421 1936 opinor,
439 1861 505 1918 ‘non
521 1861 652 1918 absistere
667 1870 747 1936 atque
763 1863 842 1917 etiam
857 1877 910 1916 una
924 1861 1022 1922 redire,
1038 1859 1102 1913 dum

94 1949 199 2023 Megara
214 1948 328 2002 ricinum
344 1946 472 2020 oppidum
488 1946 685 2002 ferventissimo
701 1946 759 2002 sole
774 1945 929 2019 cognoscit,
944 1944 1103 2016 languorem

93 2041 186 2089 nactus
202 2039 243 2086 est
259 2046 374 2104 eumque
388 2047 443 2087 non
458 2031 610 2086 intermissa
625 2031 795 2103 navigatione
810 2030 884 2085 auxit
897 2030 935 2085 ita
949 2035 980 2084 ut
995 2027 1103 2101 gravior

94 2116 231 2189 aliquanto
252 2113 422 2168 Brundisium
444 2114 606 2187 appelleret,
627 2111 673 2168 ubi
688 2111 781 2168 diebus
802 2113 894 2187 paucis
916 2111 983 2168 obilt
996 2110 1030 2166 lll
1045 2108 1102 2165 IIal.

94 2198 202 2255 Octobr.
219 2197 266 2252 Cn.
283 2197 375 2253 Sentio
392 2196 423 2264 Q.
440 2197 564 2253 Lucretio
580 2198 670 2253 coss.’
687 2198 714 2252 h.
731 2213 755 2252 e.
773 2213 842 2253 anno
859 2187 1016 2273 taoftet).

163 2328 183 2393 ¹)
203 2327 344 2391 (recitavit)
373 2331 498 2384 ‘sextum
524 2329 573 2376 sed
592 2327 657 2376 bunc
679 2327 786 2378 notabili
809 2326 928 2377 Octauiae
949 2325 1103 2387 adfectione,

97 2411 161 2461 quae
179 2411 233 2444 cum
244 2395 392 2444 recitationi
407 2396 544 2443 interesset
560 2395 596 2442 ad
611 2396 669 2444 illos
686 2397 719 2444 de
733 2397 787 2457 filio
798 2410 845 2445 auo
856 2407 943 2444 aerem
960 2395 1013 2440 “tu
1030 2391 1103 2440 Mer·

95 2466 173 2513 aelius
196 2464 276 2512 eris”
304 2462 429 2524 defecisse
455 2461 542 2523 fertur
565 2467 640 2526 atque
661 2477 739 2526 aepre
763 2462 881 2524 focillate
901 2462 954 2510 est'
977 2458 1104 2507 Donatus

94 2546 119 2595 p.
139 2532 170 2580 62
182 2530 215 2580 R.
241 2533 283 2579 ‘et
305 2534 405 2578 canstat
426 2528 491 2578 bunc
513 2527 602 2577 librum
623 2534 697 2580 tanta
717 2529 925 2593 pronuntiatione
942 2525 1057 2589 Augusto
1078 2531 1105 2573 et

94 2596 214 2648 Octaviae
236 2611 292 2646 esse
314 2598 462 2655 recitatum,
488 2603 517 2646 ut
539 2597 602 2660 fletu
622 2598 696 2648 nimio
719 2599 876 2661 imperarent
897 2596 1028 2645 silentium
1055 2591 1106 2640 nisi

98 2666 219 2730 Virgilius
238 2666 314 2727 finem
331 2677 387 2713 esse
410 2665 532 2721 dicisset,
556 2665 600 2728 qui
613 2679 664 2727 pro
681 2665 728 2715 hoc
745 2679 807 2712 aere
829 2663 902 2726 pram
919 2664 1027 2711 donatus
1044 2661 1103 2709 est.’

94 2731 207 2783 Servius
225 2731 261 2780 ad
272 2729 340 2784 Aen.
354 2731 394 2782 VI
411 2733 469 2781 862.
489 2730 524 2779 cf.
544 2729 668 2794 prolegg.
682 2733 722 2780 60.
747 2729 780 2778 de
798 2729 894 2792 inepta
911 2727 1007 2776 Erotis
1019 2725 1104 2778 libra·

95 2799 129 2847 rii
155 2797 251 2848 fabula
274 2814 290 2846 a
313 2799 423 2847 Donato
446 2813 473 2861 p.
497 2798 543 2860 62,
567 2797 659 2858 iisqq.
683 2800 711 2843 ei
735 2795 831 2844 Servio
854 2793 890 2842 ad
911 2793 979 2842 Aen.
1000 2790 1036 2842 vt
1055 2791 1103 2839 166

94 2869 205 2913 narrata
218 2864 284 2928 quid
296 2864 414 2915 sentiam
428 2863 485 2912 dixi
497 2863 526 2910 in
538 2861 661 2925 prolegg.
674 2863 706 2910 63
716 2875 755 2924 eq.
770 2860 805 2909 cf.
818 2858 929 2922 Hageni
942 2858 960 2909 l.
974 2856 993 2905 l.
1006 2872 1032 2920 p.
1043 2857 1093 2906 686

160 2930 181 2992 ²)
200 2933 394 2981 Demonstrati
410 2930 480 2980 haec
497 2929 525 2977 in
543 2926 753 2992 prolegomenon
772 2926 862 2990 capite
880 2929 967 2974 sexto.

160 2996 184 3057 ³)
202 2998 305 3048 Donati
314 3013 341 3062 p.
352 2999 384 3047 62
395 3011 434 3060 sq.
444 2997 477 3047 li.
487 2995 572 3045 verba
582 2997 654 3045 sunt.
665 2990 828 3056 (destinasset
838 2991 951 3056 scripsi:
964 2991 1103 3049 destinare,

95 3066 248 3122 destinaret,
267 3066 403 3114 distinaret
414 3061 488 3127 libri)
503 3061 650 3127 ‘Vergilias
660 3059 787 3109 Brundisi
795 3060 902 3109 moritrar
913 3057 1000 3107 Sentio
1013 3059 1102 3108 Satur-

94 3133 152 3181 nino
176 3140 201 3181 et
227 3134 348 3182 Lucretio
372 3129 467 3179 Ginna’
496 3127 587 3192 (immo
609 3125 779 3192 Vespillone)
801 3122 893 3175 ‘aesc'
920 3125 1104 3190 Hieronymus

95 3197 136 3246 Ol.
152 3199 208 3248 190.
222 3201 244 3247 2.
263 3199 384 3249 ‘decessit
400 3198 427 3247 in
443 3195 562 3246 Calabria
578 3209 669 3244 annum
686 3209 764 3258 agens
776 3194 1001 3258 quinquagesimum
1013 3199 1039 3242 et
1049 3194 1104 3256 pri-

94 3267 165 3314 mum'
179 3266 285 3315 Probus
296 3267 325 3314 in
336 3265 395 3316 rite
408 3279 435 3328 p.
446 3265 460 3313 1
473 3264 507 3312 K.
519 3263 594 3312 ‘cimil
606 3276 686 3311 annos
697 3260 757 3311 LII
759 3264 768 3293 ’
780 3261 841 3310 rita
852 3261 933 3310 Bern.
947 3258 983 3308 cf.
995 3259 1104 3310 Phocus

94 3347 120 3383 v.
134 3334 181 3381 102
195 3347 254 3396 sqq.
273 3332 344 3382 falsa
361 3335 456 3380 narrat
475 3334 638 3395 personatus
651 3328 762 3378 Servius
779 3328 808 3376 in
820 3328 917 3390 vitup.
930 3328 945 3374 2
958 3326 990 3375 L.
1011 3328 1104 3391 ‘periit

94 3406 175 3448 autem
191 3399 296 3448 Tarenti
312 3401 338 3448 in
349 3398 461 3461 Apuliae
472 3399 588 3447 ciuitate:
606 3411 663 3445 nam
674 3396 730 3444 dum
742 3396 917 3459 Metapontum
929 3397 997 3457 cupit
1009 3395 1103 3452 uidere,

92 3467 259 3516 ualetudinem
278 3481 313 3515 erc
328 3466 391 3515 solia
408 3465 503 3516 ardore
521 3465 666 3514 eontraeit’
686 3459 778 3527 (perlit
789 3478 839 3513 om.
853 3460 920 3526 BP),
940 3476 1011 3527 quae
1028 3457 1101 3512 unde
