2400 3878
144 211 202 274 188
490 221 633 269 venerer
653 222 778 269 anunrs
800 222 822 265 v

140 386 212 438 naec
234 393 399 436 memorans
422 378 549 435 cinerem
573 384 601 435 et
622 378 731 451 sopitos
752 376 871 434 suscitat
891 375 965 450 ignis

139 461 389 537 Pergameumque
410 458 500 518 larem
521 466 549 517 et
570 476 658 518 canae
680 457 839 534 penetralia
858 458 962 517 Vestae

140 543 218 603 iarrc
242 543 289 618 pio
309 550 338 600 et
359 540 444 617 plena
466 540 587 617 supplex
611 548 764 600 veneratur
785 558 896 601 acerra.
1108 553 1163 608 745

183 623 333 701 Extemplo
355 625 449 684 socios
468 626 653 701 primumque
675 624 794 683 arcessit
809 623 947 689 Acesten,

142 718 170 767 et
188 707 262 767 lovis
285 708 438 783 imperium
458 715 486 766 et
503 708 562 765 cari
584 715 737 783 praecepta
760 707 889 783 parentis

141 792 245 851 edocet
266 798 294 849 et
312 808 387 867 quae
407 808 485 850 nunc
508 791 604 849 animo
627 790 767 849 sententia
791 797 912 849 constet.

141 874 211 933 haut
232 890 313 932 mora
334 872 473 937 consiliis.
500 890 555 932 nec
575 874 652 932 iussa
675 880 790 932 recusat
812 872 938 932 Acestes.

140 955 338 1016 transcribtmt
360 955 425 1015 urbi
450 964 557 1016 matres
578 955 776 1033 populumque
797 955 940 1015 uolentem

141 1039 306 1115 deponunt,
330 1040 441 1097 animos
464 1040 503 1098 nil
526 1056 648 1115 magnae
668 1037 761 1097 laudis
782 1046 909 1115 egentes.

141 1124 196 1198 ipsi
215 1127 341 1179 transtra
361 1132 468 1181 novant
490 1121 671 1200 flammisque
693 1121 810 1181 ambesa
832 1130 977 1199 reponunt

141 1204 247 1263 robora
269 1204 403 1279 navigiis,
432 1213 531 1280 aptant
552 1222 707 1281 remosque
727 1204 931 1282 rudentisquc,

141 1289 236 1362 exigui
259 1304 398 1353 numero,
422 1286 472 1346 scd
486 1286 562 1347 bello
584 1288 675 1347 vivida
696 1288 796 1346 virtus.

140 1372 251 1430 interea
269 1370 380 1429 deneas
398 1369 501 1430 urbem
524 1371 656 1446 designat
678 1378 775 1429 aratro

141 1453 318 1530 sortiturqre
341 1452 458 1519 domos,
481 1453 536 1513 lroc
559 1452 642 1513 llium
665 1462 693 1513 et
714 1453 786 1512 haec
806 1451 868 1512 loca
891 1452 1007 1513 Troiam

141 1554 204 1597 esse
225 1535 313 1596 iubet.
358 1536 464 1612 gaudet
484 1554 577 1613 regno
599 1537 741 1596 Troianus
762 1537 894 1604 Acestes,

141 1619 297 1695 indicitque
317 1619 413 1679 iorum
436 1627 465 1680 et
482 1621 615 1697 patribus
634 1619 683 1679 dat
704 1621 767 1679 iura
789 1620 905 1679 vocatis.

142 1710 202 1762 tum
222 1704 313 1761 vicina
334 1705 419 1761 astris
442 1704 565 1780 Erycino
588 1704 616 1761 in
638 1704 745 1762 vertice
763 1701 846 1761 sedes

142 1785 278 1844 tundatur
300 1784 404 1844 Veneri
423 1785 542 1854 ldaliae,
566 1786 737 1861 tumuloque
759 1784 896 1844 sacerdos

141 1886 174 1927 ac
193 1868 276 1927 lucus
298 1867 355 1926 late
375 1884 457 1926 sacer
482 1869 597 1928 additur
617 1868 770 1928 Anchiseo.

181 1951 299 2027 lamque
319 1951 379 2009 dies
402 1950 513 2026 epulata
533 1969 637 2010 trovam
660 1969 731 2028 gens
755 1952 863 2019 omnis,
886 1951 985 2011 elaris

141 2034 233 2093 lactus
251 2034 358 2093 honos:
381 2032 485 2109 placidi
507 2042 673 2093 straverunt
693 2052 821 2112 aequora
841 2033 932 2102 venti,

141 2115 245 2176 creber
268 2124 297 2175 et
317 2115 468 2192 adspirans
487 2135 588 2177 rursus
608 2125 691 2176 vocat
713 2124 811 2177 auster
832 2118 862 2176 in
884 2115 983 2176 altum.

141 2200 270 2259 exoritur
292 2217 435 2276 procurva
458 2200 559 2275 ingens
577 2218 631 2277 per
652 2200 736 2260 litora
755 2200 853 2268 lletus;

141 2281 282 2358 complexi
303 2283 378 2341 inter
403 2300 434 2342 se
454 2291 628 2361 noctemque
650 2284 784 2361 diemque
806 2289 966 2344 morantur.

140 2367 220 2441 ipsae
241 2366 297 2424 iam
320 2372 441 2433 matres,
465 2367 532 2442 ipsi,
560 2367 665 2444 quibus
687 2384 790 2444 aspera
809 2365 954 2444 quondam

140 2450 198 2507 visa
221 2450 309 2509 maris
329 2448 414 2508 iacies
437 2456 465 2508 et
486 2468 546 2509 non
569 2449 719 2510 tolerabile
741 2466 862 2518 nomen,

89 2560 100 2575 r
139 2533 182 2592 ire
202 2532 302 2592 volunt
324 2551 498 2610 omnemque
520 2533 605 2610 fugae
624 2534 757 2611 perferre
778 2531 919 2592 laborem.

140 2633 213 2693 quos
234 2615 329 2676 bonus
349 2618 461 2676 deneas
481 2616 564 2677 dictis
583 2617 693 2678 solatur
716 2617 816 2677 amicis

139 2707 168 2758 et
189 2701 404 2776 consanguineo
427 2699 582 2760 lacrimans
605 2700 788 2761 commendat
808 2700 937 2759 Acestae.

139 2784 192 2840 tris
213 2783 295 2859 Eryci
317 2783 420 2843 vitulos
443 2791 471 2843 et
490 2783 722 2859 Tempestatibus
742 2799 845 2860 agnam

138 2866 259 2924 caedere
281 2866 385 2925 deinde
406 2866 486 2925 iubet
508 2865 637 2941 solvique
657 2886 692 2926 ex
714 2866 817 2926 ordine
837 2863 944 2923 lunem.

138 2948 199 3023 ipse
221 2956 307 3024 caput
327 2958 428 3006 tonsae
448 2945 522 3005 soliis
544 2949 673 3007 evinctus
692 2948 798 3017 olivae,

137 3037 216 3089 stans
236 3030 338 3107 procul
361 3032 389 3089 in
411 3046 499 3106 prora
521 3038 651 3107 pateram
671 3040 763 3099 tenet,
787 3041 908 3108 extaque
928 3027 1022 3089 salsos
1068 3034 1074 3043 “

137 3114 241 3189 proicit
260 3115 288 3173 in
311 3113 416 3172 lluctus
436 3131 470 3171 ac
490 3114 553 3172 vina
571 3112 708 3191 liquentia
729 3113 830 3174 lundit.

137 3198 269 3256 certatim
291 3198 360 3256 socii
382 3197 489 3255 leriunt
511 3214 591 3256 mare
614 3205 642 3256 ct
663 3215 790 3274 aequora
812 3203 949 3257 uerrunt:

136 3281 323 3357 prosequitur
345 3297 469 3358 surgens
490 3299 507 3340 a
529 3281 621 3358 puppi
638 3288 741 3340 ventus
763 3282 866 3341 euntis.

178 3365 214 3423 lt
235 3364 331 3423 Venus
353 3364 463 3431 interea
482 3363 649 3440 Neptunum
671 3365 797 3424 exercita
820 3364 898 3423 curis

137 3446 301 3525 adloquitur
322 3446 445 3525 talisipre
466 3447 586 3507 cliundit
606 3455 724 3524 pectore
745 3453 879 3525 ‹prestusz
