2400 3878
405 237 548 285 vultuum
569 237 695 286 Annum
715 239 742 284 11

65 397 197 458 nituntur
221 393 376 470 gradibus,
401 391 571 475 clipeosque
593 394 630 454 ad
651 393 709 454 tela
731 393 854 454 sinistris

64 480 189 559 protecti
209 476 355 546 obiciunt,
377 484 517 555 prensant
538 476 651 553 fastigia
674 477 792 538 dextris.

67 562 249 623 Dardanidae
269 569 370 622 contra
392 563 482 621 turris
505 567 621 622 001010
644 561 800 622 domorum
1032 572 1083 625 ms

67 646 193 706 culmina
216 645 382 707 conveHunt
411 645 466 724 (his
488 664 534 716 00,
558 646 674 724 quando
697 644 798 705 ultima
819 652 956 713 cernunt,

67 738 196 790 extrema
219 730 277 790 iam
299 731 328 790 in
350 737 446 790 morte
468 737 573 807 parant
594 729 753 790 defendere
775 729 863 808 telis),

66 821 240 892 auratasque
260 812 374 883 trabes,
399 820 530 874 veterum
553 813 659 874 decora
681 812 729 872 illa
749 822 918 892 parentum,

66 898 233 966 devolvont;
259 896 306 957 alii
329 899 436 957 strictis
457 897 647 959 mucronibus
669 899 741 957 imas

66 981 209 1042 obsedere
232 980 327 1051 iores,
348 982 401 1041 has
421 990 539 1042 servant
559 982 675 1059 agmine
697 982 797 1042 denso.
1032 991 1084 1044 450

65 1066 218 1125 instaurati
241 1065 328 1125 animi
350 1068 428 1144 regis
450 1084 627 1127 succurrere
647 1068 731 1127 tectis

65 1148 229 1227 auxilioque
252 1148 349 1210 levare
371 1151 448 1209 viros
469 1152 585 1228 vimque
608 1150 715 1211 addere
739 1151 829 1210 victis.

107 1233 208 1292 Limen
233 1242 295 1293 erat
318 1251 483 1312 caecaeque
504 1233 582 1294 iores
605 1242 634 1295 et
655 1235 772 1313 pervius
790 1251 860 1295 usus

67 1324 211 1376 tectorum
232 1317 309 1377 inter
328 1334 360 1377 00
382 1318 506 1387 Priami,
530 1325 688 1397 postesque
709 1318 804 1378 relicti

66 1417 81 1458 a
99 1407 201 1476 tergo,
225 1399 324 1460 infelix
344 1418 401 1477 qua
421 1418 466 1470 se,
490 1402 560 1462 dum
582 1420 672 1479 regna
694 1401 860 1470 manebant,
1017 1411 1083 1465 ,455

65 1484 180 1560 saepius
202 1483 407 1544 Andromache
432 1484 510 1544 lerre
531 1486 696 1544 incomitata
715 1483 828 1544 solebat

66 1568 102 1626 ad
127 1584 247 1626 soceros
268 1574 297 1626 01
317 1585 369 1626 avo
392 1584 518 1643 puerum
538 1568 710 1645 Astyanacta
731 1566 874 1627 trahebat.

66 1651 155 1710 evado
177 1650 213 1710 ad
236 1651 342 1711 summi
365 1650 477 1729 fastigia
500 1649 648 1719 culminis,
673 1652 751 1711 unde

67 1734 122 1794 tela
146 1751 233 1794 manu
255 1735 355 1795 miseri
376 1734 523 1794 iactabant
544 1736 631 1795 inrita
654 1735 771 1795 Teucri.

66 1821 171 1878 turrim
192 1818 222 1877 in
245 1818 399 1897 praecipiti
420 1825 545 1879 stantem
569 1819 749 1897 summisque
771 1818 825 1879 sub
849 1824 925 1878 00100
984 1827 992 1861 l
1033 1828 1083 1883 too

66 1902 201 1962 eductam
223 1904 321 1972 100110,
346 1902 424 1963 unde
447 1904 541 1964 omnis
563 1903 650 1963 Troia
673 1902 764 1963 videri

65 1993 93 2046 et
115 1986 246 2047 Danaum
268 1985 369 2047 solitae
392 2004 479 2047 naves
501 1995 530 2047 01
551 1987 658 2048 Achaia
681 1997 784 2058 castra,

66 2070 197 2147 adgressi
216 2070 296 2131 10000
320 2071 447 2138 circum,
471 2089 528 2148 qua
551 2089 663 2131 summa
684 2070 807 2131 labantis

64 2154 216 2214 iuncturas
238 2153 365 2215 tabulata
386 2154 510 2224 dabant,
540 2154 728 2215 convellimus
753 2155 816 2215 altis

63 2237 181 2298 sedibus
203 2237 434 2316 inpulimusque:
459 2238 555 2317 elapsa
574 2247 696 2315 reponte
715 2239 831 2298 ruinam
1032 2246 1082 2299 465

65 2338 131 2380 cum
153 2322 249 2382 sonitu
270 2321 359 2381 trahit
380 2333 408 2381 et
429 2322 559 2382 Danaum
581 2339 671 2399 super
693 2324 807 2399 agmina
828 2322 886 2382 late

64 2403 172 2463 incidit.
218 2413 262 2463 ast
282 2403 330 2464 alii
350 2405 493 2475 subeunt,
514 2423 569 2466 nec
591 2423 660 2466 saxa
683 2423 737 2466 nec
758 2404 850 2465 ullum

63 2485 189 2545 telorum
209 2488 319 2547 interea
342 2495 434 2546 cessat
454 2506 553 2564 genus.

109 2566 496 2654 Vestibulurnsantqusum
518 2570 727 2647 primoqueju
749 2568 848 2628 limine
868 2567 997 2646 Pyrrhus

65 2651 188 2721 exultat,
211 2650 276 2712 telis
298 2661 327 2712 et
343 2650 409 2712 luce
428 2670 568 2712 coruscus
590 2657 677 2718 acum
1032 2659 1082 2715 rio

65 2734 158 2814 qualis
181 2734 230 2796 ubi
252 2736 283 2795 in
305 2735 401 2796 lucem
423 2733 544 2796 coluber
565 2734 641 2795 mala
663 2733 793 2811 gramina
815 2740 929 2810 pastus,

64 2819 169 2895 frigida
190 2818 245 2880 sub
269 2826 348 2880 terra
371 2819 515 2879 tumidum
538 2837 625 2897 quem
647 2818 751 2878 bruma
775 2816 904 2894 tegebat,

63 2908 143 2963 nunc
165 2903 265 2982 positis
287 2921 378 2962 novos
401 2904 510 2964 exuviis
530 2903 698 2980 nitidusque
719 2904 834 2962 iuventa

63 2985 176 3047 lubrica
198 2986 341 3047 convolvit
361 2987 476 3048 sublato
497 2995 618 3065 pectore
640 2996 736 3064 terga,
839 3022 841 3026 »

64 3070 172 3130 arduos
196 3071 232 3131 ad
251 3070 357 3141 solem,
380 3079 409 3131 et
430 3070 537 3148 linguis
555 3072 642 3131 micat
662 3088 715 3131 ore
734 3068 870 3130 trisulcis.
1031 3078 1081 3135 tto

64 3170 123 3214 una
143 3156 246 3231 ingens
269 3155 411 3232 Periphas
433 3162 462 3217 01
484 3173 628 3234 equorum
650 3155 773 3232 agitator
792 3151 926 3222 Achillis,

64 3237 192 3313 armiger
210 3237 410 3310 Automedon,
432 3256 492 3299 una
512 3240 607 3300 omnis
624 3237 724 3317 Scyria
742 3234 838 3314 pubes

64 3320 227 3380 succedunt
248 3327 340 3392 tecto,
367 3330 396 3383 01
416 3322 548 3383 llanrmas
567 3322 603 3382 ad
629 3320 757 3381 culmina
777 3321 893 3380 iactant.

64 3404 127 3480 ipse
146 3405 221 3464 inter
243 3405 354 3481 primos
373 3413 509 3484 correpta
529 3406 601 3466 dura
624 3403 743 3481 bipenni

64 3486 163 3546 limim
185 3488 363 3567 perrumpit,
383 3489 533 3569 postisque
553 3507 569 3550 0
592 3486 712 3549 cardine
733 3485 811 3548 vellit
1029 3495 1083 3552 mo
