<?xml version="1.0" encoding="UTF-8"?>
<!DOCTYPE html PUBLIC "-//W3C//DTD XHTML 1.0 Transitional//EN"
    "http://www.w3.org/TR/xhtml1/DTD/xhtml1-transitional.dtd">
<html xmlns="http://www.w3.org/1999/xhtml" xml:lang="en" lang="en">
 <head>
  <title>
</title>
<meta http-equiv="Content-Type" content="text/html;charset=utf-8" />
  <meta name='ocr-system' content='tesseract 3.04.00' />
  <meta name='ocr-capabilities' content='ocr_page ocr_carea ocr_par ocr_line ocrx_word'/>
</head>
<body>
  <div class='ocr_page' id='page_1' title='image "./operainusumscho00virggoog_0260.png"; bbox 0 0 2454 3936; ppageno 0'>
   <div class='ocr_carea' id='block_1_1' title="bbox 171 203 852 264">
    <p class='ocr_par' dir='ltr' id='par_1_1' title="bbox 171 203 852 264">
     <span class='ocr_line' id='line_1_1' title="bbox 171 203 852 264; baseline -0.004 -1"><span class='ocrx_word' id='word_1_1' title='bbox 171 203 232 264; x_wconf 77' lang='lat'>220</span> <span class='ocrx_word' id='word_1_2' title='bbox 503 212 646 262; x_wconf 83' lang='lat' dir='ltr'>vnnurnr</span> <span class='ocrx_word' id='word_1_3' title='bbox 662 212 786 263; x_wconf 77' lang='lat' dir='ltr'>anunm</span> <span class='ocrx_word' id='word_1_4' title='bbox 802 213 852 262; x_wconf 87' lang='lat' dir='ltr'>vu</span> 
     </span>
    </p>
   </div>
   <div class='ocr_carea' id='block_1_2' title="bbox 171 366 1186 2701">
    <p class='ocr_par' dir='ltr' id='par_1_2' title="bbox 171 366 1186 2701">
     <span class='ocr_line' id='line_1_2' title="bbox 171 366 1000 447; baseline -0.002 -18"><span class='ocrx_word' id='word_1_5' title='bbox 171 368 267 429; x_wconf 91' lang='lat' dir='ltr'>omnia</span> <span class='ocrx_word' id='word_1_6' title='bbox 288 367 342 428; x_wconf 90' lang='lat' dir='ltr'>sub</span> <span class='ocrx_word' id='word_1_7' title='bbox 363 366 496 446; x_wconf 88' lang='lat' dir='ltr'>pedibus,</span> <span class='ocrx_word' id='word_1_8' title='bbox 517 386 573 447; x_wconf 93' lang='lat' dir='ltr'>qua</span> <span class='ocrx_word' id='word_1_9' title='bbox 595 368 644 429; x_wconf 92' lang='lat' dir='ltr'>Sol</span> <span class='ocrx_word' id='word_1_10' title='bbox 666 376 823 446; x_wconf 89' lang='lat' dir='ltr'>utrumque</span> <span class='ocrx_word' id='word_1_11' title='bbox 844 383 1000 428; x_wconf 72' lang='lat' dir='ltr'><strong>recurrens</strong></span> 
     </span>
     <span class='ocr_line' id='line_1_3' title="bbox 173 449 928 531; baseline -0.004 -19"><span class='ocrx_word' id='word_1_12' title='bbox 173 452 275 528; x_wconf 78' lang='lat' dir='ltr'>rsplcit</span> <span class='ocrx_word' id='word_1_13' title='bbox 295 450 453 526; x_wconf 84' lang='lat' dir='ltr'>Oceanum,</span> <span class='ocrx_word' id='word_1_14' title='bbox 475 453 605 531; x_wconf 88' lang='lat' dir='ltr'>vertique</span> <span class='ocrx_word' id='word_1_15' title='bbox 626 453 746 529; x_wconf 92' lang='lat' dir='ltr'>regique</span> <span class='ocrx_word' id='word_1_16' title='bbox 767 449 928 512; x_wconf 74' lang='lat' dir='ltr'>ridebunt·</span> 
     </span>
     <span class='ocr_line' id='line_1_4' title="bbox 172 532 950 614; baseline 0 -20"><span class='ocrx_word' id='word_1_17' title='bbox 172 535 244 596; x_wconf 92' lang='lat' dir='ltr'>haec</span> <span class='ocrx_word' id='word_1_18' title='bbox 266 553 407 613; x_wconf 90' lang='lat' dir='ltr'>responsa</span> <span class='ocrx_word' id='word_1_19' title='bbox 427 539 517 614; x_wconf 89' lang='lat' dir='ltr'>patris</span> <span class='ocrx_word' id='word_1_20' title='bbox 539 535 631 595; x_wconf 82' lang='lat' dir='ltr'>Fauni</span> <span class='ocrx_word' id='word_1_21' title='bbox 650 535 834 612; x_wconf 90' lang='lat' dir='ltr'>monitusque</span> <span class='ocrx_word' id='word_1_22' title='bbox 856 532 950 594; x_wconf 82' lang='lat' dir='ltr'>silenti</span> 
     </span>
     <span class='ocr_line' id='line_1_5' title="bbox 173 617 952 698; baseline -0.004 -19"><span class='ocrx_word' id='word_1_23' title='bbox 173 626 258 680; x_wconf 91' lang='lat' dir='ltr'>nocte</span> <span class='ocrx_word' id='word_1_24' title='bbox 280 619 362 680; x_wconf 92' lang='lat' dir='ltr'>datos</span> <span class='ocrx_word' id='word_1_25' title='bbox 383 637 442 679; x_wconf 95' lang='lat' dir='ltr'>non</span> <span class='ocrx_word' id='word_1_26' title='bbox 464 620 526 697; x_wconf 91' lang='lat' dir='ltr'>ipse</span> <span class='ocrx_word' id='word_1_27' title='bbox 547 635 601 678; x_wconf 89' lang='lat' dir='ltr'>suo</span> <span class='ocrx_word' id='word_1_28' title='bbox 623 619 730 698; x_wconf 82' lang='lat' dir='ltr'><strong>premit</strong></span> <span class='ocrx_word' id='word_1_29' title='bbox 751 635 803 678; x_wconf 89' lang='lat' dir='ltr'>ore</span> <span class='ocrx_word' id='word_1_30' title='bbox 824 617 952 688; x_wconf 91' lang='lat' dir='ltr'>Latinus,</span> 
     </span>
     <span class='ocr_line' id='line_1_6' title="bbox 173 700 934 778; baseline -0.004 -15"><span class='ocrx_word' id='word_1_31' title='bbox 173 703 223 764; x_wconf 87' lang='lat' dir='ltr'>sed</span> <span class='ocrx_word' id='word_1_32' title='bbox 239 704 350 763; x_wconf 90' lang='lat' dir='ltr'>circum</span> <span class='ocrx_word' id='word_1_33' title='bbox 369 700 426 763; x_wconf 85' lang='lat' dir='ltr'>late</span> <span class='ocrx_word' id='word_1_34' title='bbox 445 701 567 763; x_wconf 85' lang='lat' dir='ltr'>volitans</span> <span class='ocrx_word' id='word_1_35' title='bbox 585 702 642 762; x_wconf 91' lang='lat' dir='ltr'>iarn</span> <span class='ocrx_word' id='word_1_36' title='bbox 660 701 750 762; x_wconf 89' lang='lat' dir='ltr'>Fama</span> <span class='ocrx_word' id='word_1_37' title='bbox 769 718 822 778; x_wconf 92' lang='lat' dir='ltr'>per</span> <span class='ocrx_word' id='word_1_38' title='bbox 845 700 934 761; x_wconf 92' lang='lat' dir='ltr'>urbes</span> 
     </span>
     <span class='ocr_line' id='line_1_7' title="bbox 172 783 878 862; baseline -0.001 -17"><span class='ocrx_word' id='word_1_39' title='bbox 172 787 314 847; x_wconf 80' lang='lat' dir='ltr'>dusonias</span> <span class='ocrx_word' id='word_1_40' title='bbox 333 784 446 856; x_wconf 85' lang='lat' dir='ltr'>tulerat,</span> <span class='ocrx_word' id='word_1_41' title='bbox 472 804 537 846; x_wconf 93' lang='lat' dir='ltr'>cum</span> <span class='ocrx_word' id='word_1_42' title='bbox 558 784 764 847; x_wconf 79' lang='lat' dir='ltr'>Laomedontia</span> <span class='ocrx_word' id='word_1_43' title='bbox 785 783 878 862; x_wconf 89' lang='lat' dir='ltr'>pubes</span> 
     </span>
     <span class='ocr_line' id='line_1_8' title="bbox 173 867 917 947; baseline -0.003 -18"><span class='ocrx_word' id='word_1_44' title='bbox 173 870 322 947; x_wconf 92' lang='lat' dir='ltr'>gramineo</span> <span class='ocrx_word' id='word_1_45' title='bbox 344 869 425 946; x_wconf 80' lang='lat' dir='ltr'>ripae</span> <span class='ocrx_word' id='word_1_46' title='bbox 446 868 577 946; x_wconf 81' lang='lat' dir='ltr'>religavit</span> <span class='ocrx_word' id='word_1_47' title='bbox 597 868 634 929; x_wconf 96' lang='lat' dir='ltr'>ab</span> <span class='ocrx_word' id='word_1_48' title='bbox 655 887 762 947; x_wconf 80' lang='lat' dir='ltr'>aggere</span> <span class='ocrx_word' id='word_1_49' title='bbox 785 867 917 929; x_wconf 85' lang='lat' dir='ltr'>classem.</span> 
     </span>
     <span class='ocr_line' id='line_1_9' title="bbox 214 951 899 1032; baseline 0 -21"><span class='ocrx_word' id='word_1_50' title='bbox 214 953 326 1013; x_wconf 82' lang='lat' dir='ltr'>deneas</span> <span class='ocrx_word' id='word_1_51' title='bbox 347 952 492 1032; x_wconf 87' lang='lat' dir='ltr'>primique</span> <span class='ocrx_word' id='word_1_52' title='bbox 515 952 605 1013; x_wconf 88' lang='lat' dir='ltr'>duces</span> <span class='ocrx_word' id='word_1_53' title='bbox 626 959 655 1013; x_wconf 85' lang='lat' dir='ltr'>et</span> <span class='ocrx_word' id='word_1_54' title='bbox 675 951 799 1031; x_wconf 89' lang='lat' dir='ltr'>pulcher</span> <span class='ocrx_word' id='word_1_55' title='bbox 820 951 899 1011; x_wconf 91' lang='lat' dir='ltr'>lulus</span> 
     </span>
     <span class='ocr_line' id='line_1_10' title="bbox 173 1034 891 1114; baseline 0 -20"><span class='ocrx_word' id='word_1_56' title='bbox 173 1053 296 1113; x_wconf 93' lang='lat' dir='ltr'>corpora</span> <span class='ocrx_word' id='word_1_57' title='bbox 319 1035 374 1096; x_wconf 95' lang='lat' dir='ltr'>sub</span> <span class='ocrx_word' id='word_1_58' title='bbox 396 1037 486 1096; x_wconf 89' lang='lat' dir='ltr'>ramis</span> <span class='ocrx_word' id='word_1_59' title='bbox 508 1035 658 1114; x_wconf 93' lang='lat' dir='ltr'>deponunt</span> <span class='ocrx_word' id='word_1_60' title='bbox 679 1035 795 1096; x_wconf 94' lang='lat' dir='ltr'>arboris</span> <span class='ocrx_word' id='word_1_61' title='bbox 817 1034 891 1095; x_wconf 89' lang='lat' dir='ltr'>altae</span> 
     </span>
     <span class='ocr_line' id='line_1_11' title="bbox 171 1117 969 1197; baseline 0 -19"><span class='ocrx_word' id='word_1_62' title='bbox 171 1119 383 1197; x_wconf 88' lang='lat' dir='ltr'>instituuntque</span> <span class='ocrx_word' id='word_1_63' title='bbox 406 1120 495 1197; x_wconf 90' lang='lat' dir='ltr'>dapes</span> <span class='ocrx_word' id='word_1_64' title='bbox 514 1127 542 1180; x_wconf 92' lang='lat' dir='ltr'>et</span> <span class='ocrx_word' id='word_1_65' title='bbox 564 1119 670 1180; x_wconf 88' lang='lat' dir='ltr'>adorea</span> <span class='ocrx_word' id='word_1_66' title='bbox 692 1119 750 1179; x_wconf 92' lang='lat' dir='ltr'>liba</span> <span class='ocrx_word' id='word_1_67' title='bbox 772 1136 824 1196; x_wconf 94' lang='lat' dir='ltr'>per</span> <span class='ocrx_word' id='word_1_68' title='bbox 846 1117 969 1179; x_wconf 90' lang='lat' dir='ltr'>herbam</span> 
     </span>
     <span class='ocr_line' id='line_1_12' title="bbox 173 1201 908 1282; baseline 0 -20"><span class='ocrx_word' id='word_1_69' title='bbox 173 1201 319 1262; x_wconf 85' lang='lat' dir='ltr'>subiciunt</span> <span class='ocrx_word' id='word_1_70' title='bbox 341 1202 434 1281; x_wconf 92' lang='lat' dir='ltr'>epulis</span> <span class='ocrx_word' id='word_1_71' title='bbox 456 1203 508 1282; x_wconf 85' lang='lat' dir='ltr'>(sic</span> <span class='ocrx_word' id='word_1_72' title='bbox 530 1201 659 1281; x_wconf 91' lang='lat' dir='ltr'>Iuppiter</span> <span class='ocrx_word' id='word_1_73' title='bbox 679 1203 741 1281; x_wconf 89' lang='lat' dir='ltr'>ipse</span> <span class='ocrx_word' id='word_1_74' title='bbox 762 1202 908 1280; x_wconf 84' lang='lat' dir='ltr'>monebat)</span> 
     </span>
     <span class='ocr_line' id='line_1_13' title="bbox 173 1284 891 1364; baseline 0 -20"><span class='ocrx_word' id='word_1_75' title='bbox 173 1294 200 1345; x_wconf 89' lang='lat' dir='ltr'>et</span> <span class='ocrx_word' id='word_1_76' title='bbox 224 1284 341 1346; x_wconf 88' lang='lat' dir='ltr'>Cereale</span> <span class='ocrx_word' id='word_1_77' title='bbox 360 1285 454 1346; x_wconf 92' lang='lat' dir='ltr'>solum</span> <span class='ocrx_word' id='word_1_78' title='bbox 471 1287 567 1364; x_wconf 88' lang='lat' dir='ltr'>pomls</span> <span class='ocrx_word' id='word_1_79' title='bbox 589 1287 753 1363; x_wconf 88' lang='lat' dir='ltr'>agrestibus</span> <span class='ocrx_word' id='word_1_80' title='bbox 775 1293 891 1362; x_wconf 91' lang='lat' dir='ltr'>augent.</span> 
     </span>
     <span class='ocr_line' id='line_1_14' title="bbox 173 1368 927 1446; baseline -0.001 -18"><span class='ocrx_word' id='word_1_81' title='bbox 173 1369 351 1446; x_wconf 86' lang='lat' dir='ltr'>consumptis</span> <span class='ocrx_word' id='word_1_82' title='bbox 371 1369 419 1430; x_wconf 92' lang='lat' dir='ltr'>hic</span> <span class='ocrx_word' id='word_1_83' title='bbox 442 1368 517 1431; x_wconf 89' lang='lat' dir='ltr'>lorte</span> <span class='ocrx_word' id='word_1_84' title='bbox 539 1368 600 1430; x_wconf 90' lang='lat' dir='ltr'>aliis</span> <span class='ocrx_word' id='word_1_85' title='bbox 621 1377 654 1430; x_wconf 85' lang='lat' dir='ltr'>ut</span> <span class='ocrx_word' id='word_1_86' title='bbox 675 1377 789 1430; x_wconf 89' lang='lat' dir='ltr'>vertere</span> <span class='ocrx_word' id='word_1_87' title='bbox 811 1386 927 1430; x_wconf 93' lang='lat' dir='ltr'>morsus</span> 
     </span>
     <span class='ocr_line' id='line_1_15' title="bbox 174 1452 900 1532; baseline -0.003 -20"><span class='ocrx_word' id='word_1_88' title='bbox 174 1453 306 1530; x_wconf 85' lang='lat' dir='ltr'>exiguam</span> <span class='ocrx_word' id='word_1_89' title='bbox 328 1453 358 1513; x_wconf 94' lang='lat' dir='ltr'>in</span> <span class='ocrx_word' id='word_1_90' title='bbox 380 1453 518 1514; x_wconf 84' lang='lat' dir='ltr'>Cererem</span> <span class='ocrx_word' id='word_1_91' title='bbox 539 1453 662 1532; x_wconf 90' lang='lat' dir='ltr'>penuria</span> <span class='ocrx_word' id='word_1_92' title='bbox 683 1453 778 1531; x_wconf 92' lang='lat' dir='ltr'>adegit</span> <span class='ocrx_word' id='word_1_93' title='bbox 796 1452 900 1514; x_wconf 92' lang='lat' dir='ltr'>edendi</span> 
     </span>
     <span class='ocr_line' id='line_1_16' title="bbox 173 1535 899 1615; baseline -0.001 -19"><span class='ocrx_word' id='word_1_94' title='bbox 173 1545 201 1596; x_wconf 90' lang='lat' dir='ltr'>et</span> <span class='ocrx_word' id='word_1_95' title='bbox 220 1535 327 1597; x_wconf 87' lang='lat' dir='ltr'>violare</span> <span class='ocrx_word' id='word_1_96' title='bbox 345 1555 433 1597; x_wconf 91' lang='lat' dir='ltr'>manu</span> <span class='ocrx_word' id='word_1_97' title='bbox 453 1536 594 1615; x_wconf 91' lang='lat' dir='ltr'>malisque</span> <span class='ocrx_word' id='word_1_98' title='bbox 616 1536 775 1597; x_wconf 91' lang='lat' dir='ltr'>audacibus</span> <span class='ocrx_word' id='word_1_99' title='bbox 797 1535 899 1597; x_wconf 87' lang='lat' dir='ltr'>orbem</span> 
     </span>
     <span class='ocr_line' id='line_1_17' title="bbox 176 1618 878 1722; baseline 0 -43"><span class='ocrx_word' id='word_1_100' title='bbox 176 1618 269 1679; x_wconf 83' lang='lat' dir='ltr'>latalis</span> <span class='ocrx_word' id='word_1_101' title='bbox 287 1622 378 1681; x_wconf 92' lang='lat' dir='ltr'>crusti</span> <span class='ocrx_word' id='word_1_102' title='bbox 400 1619 507 1699; x_wconf 90' lang='lat' dir='ltr'>patulis</span> <span class='ocrx_word' id='word_1_103' title='bbox 525 1639 580 1681; x_wconf 91' lang='lat' dir='ltr'>nec</span> <span class='ocrx_word' id='word_1_104' title='bbox 600 1638 723 1698; x_wconf 88' lang='lat' dir='ltr'>parcere</span> <span class='ocrx_word' id='word_1_105' title='bbox 745 1620 878 1722; x_wconf 87' lang='lat' dir='ltr'>quadris:</span> 
     </span>
     <span class='ocr_line' id='line_1_18' title="bbox 174 1701 977 1781; baseline 0.003 -20.039"><span class='ocrx_word' id='word_1_106' title='bbox 174 1701 275 1762; x_wconf 87' lang='lat' dir='ltr'>heus!</span> <span class='ocrx_word' id='word_1_107' title='bbox 298 1705 383 1764; x_wconf 91' lang='lat' dir='ltr'>etiam</span> <span class='ocrx_word' id='word_1_108' title='bbox 404 1721 519 1765; x_wconf 86' lang='lat' dir='ltr'>mensas</span> <span class='ocrx_word' id='word_1_109' title='bbox 542 1703 752 1764; x_wconf 88' lang='lat' dir='ltr'>consumimus&#39;</span> <span class='ocrx_word' id='word_1_110' title='bbox 775 1705 868 1781; x_wconf 94' lang='lat' dir='ltr'>inquit</span> <span class='ocrx_word' id='word_1_111' title='bbox 889 1701 977 1772; x_wconf 86' lang='lat' dir='ltr'>lulus,</span> 
     </span>
     <span class='ocr_line' id='line_1_19' title="bbox 172 1784 927 1882; baseline 0.004 -38"><span class='ocrx_word' id='word_1_112' title='bbox 172 1802 227 1845; x_wconf 91' lang='lat' dir='ltr'>nec</span> <span class='ocrx_word' id='word_1_113' title='bbox 249 1784 348 1882; x_wconf 89' lang='lat' dir='ltr'>plura</span> <span class='ocrx_word' id='word_1_114' title='bbox 354 1785 504 1848; x_wconf 87' lang='lat' dir='ltr'>adludens.</span> <span class='ocrx_word' id='word_1_115' title='bbox 548 1805 581 1847; x_wconf 89' lang='lat' dir='ltr'>ea</span> <span class='ocrx_word' id='word_1_116' title='bbox 599 1801 659 1846; x_wconf 84' lang='lat' dir='ltr'>vox</span> <span class='ocrx_word' id='word_1_117' title='bbox 677 1787 773 1847; x_wconf 91' lang='lat' dir='ltr'>audita</span> <span class='ocrx_word' id='word_1_118' title='bbox 794 1785 927 1847; x_wconf 90' lang='lat' dir='ltr'>laborum</span> 
     </span>
     <span class='ocr_line' id='line_1_20' title="bbox 172 1843 974 1966; baseline 0.005 -40"><span class='ocrx_word' id='word_1_119' title='bbox 172 1869 265 1944; x_wconf 93' lang='lat' dir='ltr'>prima</span> <span class='ocrx_word' id='word_1_120' title='bbox 289 1843 353 1928; x_wconf 77' lang='lat' dir='ltr'>tulit</span> <span class='ocrx_word' id='word_1_121' title='bbox 374 1869 471 1937; x_wconf 83' lang='lat' dir='ltr'>finem</span> <span class='ocrx_word' id='word_1_122' title='bbox 495 1870 678 1948; x_wconf 89' lang='lat' dir='ltr'>primamque</span> <span class='ocrx_word' id='word_1_123' title='bbox 698 1869 842 1966; x_wconf 91' lang='lat' dir='ltr'>loquentis</span> <span class='ocrx_word' id='word_1_124' title='bbox 864 1869 900 1929; x_wconf 93' lang='lat' dir='ltr'>ab</span> <span class='ocrx_word' id='word_1_125' title='bbox 923 1888 974 1930; x_wconf 94' lang='lat' dir='ltr'>ore</span> 
     </span>
     <span class='ocr_line' id='line_1_21' title="bbox 173 1951 915 2031; baseline -0.001 -19"><span class='ocrx_word' id='word_1_126' title='bbox 173 1951 281 2029; x_wconf 88' lang='lat' dir='ltr'>eripuit</span> <span class='ocrx_word' id='word_1_127' title='bbox 300 1959 383 2030; x_wconf 90' lang='lat' dir='ltr'>pater</span> <span class='ocrx_word' id='word_1_128' title='bbox 404 1970 438 2012; x_wconf 91' lang='lat' dir='ltr'>ac</span> <span class='ocrx_word' id='word_1_129' title='bbox 460 1952 639 2031; x_wconf 84' lang='lat' dir='ltr'>stupefactus</span> <span class='ocrx_word' id='word_1_130' title='bbox 660 1954 778 2013; x_wconf 91' lang='lat' dir='ltr'>numine</span> <span class='ocrx_word' id='word_1_131' title='bbox 800 1952 915 2031; x_wconf 91' lang='lat' dir='ltr'>pressit.</span> 
     </span>
     <span class='ocr_line' id='line_1_22' title="bbox 172 2033 1185 2100; baseline 0.005 -6"><span class='ocrx_word' id='word_1_132' title='bbox 172 2035 309 2094; x_wconf 92' lang='lat' dir='ltr'>contiuuo</span> <span class='ocrx_word' id='word_1_133' title='bbox 333 2033 425 2096; x_wconf 87' lang='lat' dir='ltr'>‘salve</span> <span class='ocrx_word' id='word_1_134' title='bbox 448 2035 512 2096; x_wconf 91' lang='lat' dir='ltr'>latis</span> <span class='ocrx_word' id='word_1_135' title='bbox 533 2036 603 2095; x_wconf 93' lang='lat' dir='ltr'>mihi</span> <span class='ocrx_word' id='word_1_136' title='bbox 625 2034 722 2096; x_wconf 92' lang='lat' dir='ltr'>debita</span> <span class='ocrx_word' id='word_1_137' title='bbox 743 2036 830 2098; x_wconf 92' lang='lat' dir='ltr'>tellus</span> <span class='ocrx_word' id='word_1_138' title='bbox 1133 2047 1185 2100; x_wconf 68' lang='grc' dir='ltr'>ιω</span> 
     </span>
     <span class='ocr_line' id='line_1_23' title="bbox 172 2117 895 2199; baseline 0.008 -23"><span class='ocrx_word' id='word_1_139' title='bbox 172 2117 295 2194; x_wconf 86' lang='lat' dir='ltr'>vosque’</span> <span class='ocrx_word' id='word_1_140' title='bbox 317 2119 364 2187; x_wconf 88' lang='lat' dir='ltr'>ait,</span> <span class='ocrx_word' id='word_1_141' title='bbox 387 2125 419 2177; x_wconf 86' lang='lat' dir='ltr'>‘o</span> <span class='ocrx_word' id='word_1_142' title='bbox 438 2119 487 2179; x_wconf 87' lang='lat' dir='ltr'>fidi</span> <span class='ocrx_word' id='word_1_143' title='bbox 509 2118 615 2179; x_wconf 85' lang='lat' dir='ltr'>Troiae</span> <span class='ocrx_word' id='word_1_144' title='bbox 633 2118 740 2181; x_wconf 87' lang='lat' dir='ltr'>salvete</span> <span class='ocrx_word' id='word_1_145' title='bbox 760 2128 895 2199; x_wconf 90' lang='lat' dir='ltr'>penates:</span> 
     </span>
     <span class='ocr_line' id='line_1_24' title="bbox 173 2199 1111 2284; baseline 0.007 -24"><span class='ocrx_word' id='word_1_146' title='bbox 173 2199 221 2262; x_wconf 88' lang='lat' dir='ltr'>blc</span> <span class='ocrx_word' id='word_1_147' title='bbox 244 2201 358 2271; x_wconf 88' lang='lat' dir='ltr'>domus,</span> <span class='ocrx_word' id='word_1_148' title='bbox 380 2199 453 2262; x_wconf 88' lang='lat' dir='ltr'>haec</span> <span class='ocrx_word' id='word_1_149' title='bbox 473 2203 567 2280; x_wconf 91' lang='lat' dir='ltr'>patria</span> <span class='ocrx_word' id='word_1_150' title='bbox 584 2209 635 2263; x_wconf 88' lang='lat' dir='ltr'>est.</span> <span class='ocrx_word' id='word_1_151' title='bbox 670 2204 783 2282; x_wconf 89' lang='lat' dir='ltr'>genitor</span> <span class='ocrx_word' id='word_1_152' title='bbox 802 2205 873 2265; x_wconf 90' lang='lat' dir='ltr'>mihi</span> <span class='ocrx_word' id='word_1_153' title='bbox 895 2204 963 2265; x_wconf 90' lang='lat' dir='ltr'>talia</span> <span class='ocrx_word' id='word_1_154' title='bbox 986 2222 1111 2284; x_wconf 88' lang='lat' dir='ltr'>namque</span> 
     </span>
     <span class='ocr_line' id='line_1_25' title="bbox 172 2283 985 2367; baseline 0.007 -24"><span class='ocrx_word' id='word_1_155' title='bbox 172 2283 259 2362; x_wconf 86' lang='lat' dir='ltr'>(nunc</span> <span class='ocrx_word' id='word_1_156' title='bbox 276 2285 388 2364; x_wconf 85' lang='lat' dir='ltr'>repeto)</span> <span class='ocrx_word' id='word_1_157' title='bbox 410 2285 552 2347; x_wconf 82' lang='lat' dir='ltr'>dnchlses</span> <span class='ocrx_word' id='word_1_158' title='bbox 573 2286 700 2347; x_wconf 90' lang='lat' dir='ltr'>latorum</span> <span class='ocrx_word' id='word_1_159' title='bbox 722 2305 829 2349; x_wconf 91' lang='lat' dir='ltr'>arcana</span> <span class='ocrx_word' id='word_1_160' title='bbox 850 2288 985 2367; x_wconf 87' lang='lat' dir='ltr'>reliquit:</span> 
     </span>
     <span class='ocr_line' id='line_1_26' title="bbox 173 2370 929 2449; baseline 0.003 -18"><span class='ocrx_word' id='word_1_161' title='bbox 173 2386 239 2431; x_wconf 85' lang='lat' dir='ltr'>cum</span> <span class='ocrx_word' id='word_1_162' title='bbox 262 2374 299 2438; x_wconf 89' lang='lat' dir='ltr'>to,</span> <span class='ocrx_word' id='word_1_163' title='bbox 324 2376 400 2439; x_wconf 88' lang='lat' dir='ltr'>nate,</span> <span class='ocrx_word' id='word_1_164' title='bbox 420 2370 511 2431; x_wconf 91' lang='lat' dir='ltr'>lames</span> <span class='ocrx_word' id='word_1_165' title='bbox 532 2371 631 2449; x_wconf 88' lang='lat' dir='ltr'>ignota</span> <span class='ocrx_word' id='word_1_166' title='bbox 650 2370 686 2431; x_wconf 94' lang='lat' dir='ltr'>ad</span> <span class='ocrx_word' id='word_1_167' title='bbox 708 2370 792 2449; x_wconf 87' lang='lat' dir='ltr'>litora</span> <span class='ocrx_word' id='word_1_168' title='bbox 814 2380 929 2433; x_wconf 87' lang='lat' dir='ltr'>vectum</span> 
     </span>
     <span class='ocr_line' id='line_1_27' title="bbox 173 2452 1186 2531; baseline 0.005 -19"><span class='ocrx_word' id='word_1_169' title='bbox 173 2452 274 2512; x_wconf 87' lang='lat' dir='ltr'>accisis</span> <span class='ocrx_word' id='word_1_170' title='bbox 295 2461 380 2530; x_wconf 85' lang='lat' dir='ltr'>coget</span> <span class='ocrx_word' id='word_1_171' title='bbox 402 2453 526 2531; x_wconf 90' lang='lat' dir='ltr'>dapibus</span> <span class='ocrx_word' id='word_1_172' title='bbox 548 2471 720 2516; x_wconf 90' lang='lat' dir='ltr'>consumere</span> <span class='ocrx_word' id='word_1_173' title='bbox 743 2474 868 2528; x_wconf 92' lang='lat' dir='ltr'>mensas,</span> <span class='ocrx_word' id='word_1_174' title='bbox 1134 2465 1186 2517; x_wconf 66' lang='lat'>12⁸</span> 
     </span>
     <span class='ocr_line' id='line_1_28' title="bbox 172 2537 945 2619; baseline 0.005 -23"><span class='ocrx_word' id='word_1_175' title='bbox 172 2543 234 2596; x_wconf 84' lang='lat' dir='ltr'>tum</span> <span class='ocrx_word' id='word_1_176' title='bbox 256 2553 376 2614; x_wconf 88' lang='lat' dir='ltr'>sperare</span> <span class='ocrx_word' id='word_1_177' title='bbox 399 2537 501 2599; x_wconf 93' lang='lat' dir='ltr'>domos</span> <span class='ocrx_word' id='word_1_178' title='bbox 522 2539 652 2600; x_wconf 84' lang='lat' dir='ltr'>defessus</span> <span class='ocrx_word' id='word_1_179' title='bbox 674 2538 774 2619; x_wconf 91' lang='lat' dir='ltr'>ibique</span> <span class='ocrx_word' id='word_1_180' title='bbox 798 2548 945 2602; x_wconf 91' lang='lat' dir='ltr'>memento</span> 
     </span>
     <span class='ocr_line' id='line_1_29' title="bbox 172 2619 903 2701; baseline 0.01 -23"><span class='ocrx_word' id='word_1_181' title='bbox 172 2620 267 2697; x_wconf 89' lang='lat' dir='ltr'>prima</span> <span class='ocrx_word' id='word_1_182' title='bbox 286 2619 384 2681; x_wconf 89' lang='lat' dir='ltr'>locare</span> <span class='ocrx_word' id='word_1_183' title='bbox 406 2639 494 2682; x_wconf 93' lang='lat' dir='ltr'>manu</span> <span class='ocrx_word' id='word_1_184' title='bbox 513 2621 667 2700; x_wconf 92' lang='lat' dir='ltr'>molirique</span> <span class='ocrx_word' id='word_1_185' title='bbox 689 2639 796 2701; x_wconf 84' lang='lat' dir='ltr'>aggere</span> <span class='ocrx_word' id='word_1_186' title='bbox 819 2633 903 2685; x_wconf 89' lang='lat' dir='ltr'>tecta.</span> 
     </span>
    </p>
   </div>
   <div class='ocr_carea' id='block_1_3' title="bbox 173 2700 1016 2882">
    <p class='ocr_par' dir='ltr' id='par_1_3' title="bbox 173 2700 1016 2864">
     <span class='ocr_line' id='line_1_30' title="bbox 174 2700 1016 2785; baseline 0.007 -24"><span class='ocrx_word' id='word_1_187' title='bbox 174 2700 244 2762; x_wconf 89' lang='lat' dir='ltr'>haec</span> <span class='ocrx_word' id='word_1_188' title='bbox 268 2712 330 2764; x_wconf 91' lang='lat' dir='ltr'>erat</span> <span class='ocrx_word' id='word_1_189' title='bbox 350 2702 398 2764; x_wconf 94' lang='lat' dir='ltr'>illa</span> <span class='ocrx_word' id='word_1_190' title='bbox 420 2705 525 2775; x_wconf 88' lang='lat' dir='ltr'>lames;</span> <span class='ocrx_word' id='word_1_191' title='bbox 546 2706 618 2767; x_wconf 92' lang='lat' dir='ltr'>haec</span> <span class='ocrx_word' id='word_1_192' title='bbox 640 2725 694 2768; x_wconf 90' lang='lat' dir='ltr'>nos</span> <span class='ocrx_word' id='word_1_193' title='bbox 713 2725 850 2785; x_wconf 90' lang='lat' dir='ltr'>suprema</span> <span class='ocrx_word' id='word_1_194' title='bbox 872 2706 1016 2775; x_wconf 91' lang='lat' dir='ltr'>manebat,</span> 
     </span>
     <span class='ocr_line' id='line_1_31' title="bbox 173 2784 565 2882; baseline 0.013 -38"><span class='ocrx_word' id='word_1_195' title='bbox 173 2784 264 2844; x_wconf 78' lang='lat' dir='ltr'>exiliis</span> <span class='ocrx_word' id='word_1_196' title='bbox 282 2787 414 2882; x_wconf 83' lang='lat' dir='ltr'>positura</span> <span class='ocrx_word' id='word_1_197' title='bbox 435 2790 565 2849; x_wconf 92' lang='lat' dir='ltr'>modum.</span> 
     </span>
    </p>
   </div>
   <div class='ocr_carea' id='block_1_4' title="bbox 170 2870 1223 3540">
    <p class='ocr_par' dir='ltr' id='par_1_4' title="bbox 172 2870 1188 3114">
     <span class='ocr_line' id='line_1_32' title="bbox 172 2870 1188 2948; baseline 0.012 -22"><span class='ocrx_word' id='word_1_198' title='bbox 172 2885 263 2944; x_wconf 92' lang='lat' dir='ltr'>quare</span> <span class='ocrx_word' id='word_1_199' title='bbox 287 2870 362 2946; x_wconf 90' lang='lat' dir='ltr'>agite</span> <span class='ocrx_word' id='word_1_200' title='bbox 383 2878 411 2930; x_wconf 90' lang='lat' dir='ltr'>et</span> <span class='ocrx_word' id='word_1_201' title='bbox 432 2873 527 2948; x_wconf 92' lang='lat' dir='ltr'>primo</span> <span class='ocrx_word' id='word_1_202' title='bbox 548 2870 616 2932; x_wconf 88' lang='lat' dir='ltr'>laeti</span> <span class='ocrx_word' id='word_1_203' title='bbox 638 2891 704 2932; x_wconf 91' lang='lat' dir='ltr'>cum</span> <span class='ocrx_word' id='word_1_204' title='bbox 724 2871 835 2934; x_wconf 92' lang='lat' dir='ltr'>lumine</span> <span class='ocrx_word' id='word_1_205' title='bbox 857 2870 926 2932; x_wconf 93' lang='lat' dir='ltr'>solis</span> <span class='ocrx_word' id='word_1_206' title='bbox 1134 2877 1188 2938; x_wconf 70' lang='lat'>130</span> 
     </span>
     <span class='ocr_line' id='line_1_33' title="bbox 172 2950 1094 3046; baseline 0.008 -38"><span class='ocrx_word' id='word_1_207' title='bbox 172 2968 246 3046; x_wconf 82' lang='lat' dir='ltr'>quae</span> <span class='ocrx_word' id='word_1_208' title='bbox 269 2950 342 3020; x_wconf 89' lang='lat' dir='ltr'>loca,</span> <span class='ocrx_word' id='word_1_209' title='bbox 367 2954 451 3030; x_wconf 89' lang='lat' dir='ltr'>quive</span> <span class='ocrx_word' id='word_1_210' title='bbox 471 2952 598 3014; x_wconf 93' lang='lat' dir='ltr'>babeant</span> <span class='ocrx_word' id='word_1_211' title='bbox 618 2954 759 3026; x_wconf 91' lang='lat' dir='ltr'>homines,</span> <span class='ocrx_word' id='word_1_212' title='bbox 782 2954 833 3015; x_wconf 94' lang='lat' dir='ltr'>ubi</span> <span class='ocrx_word' id='word_1_213' title='bbox 855 2955 969 3016; x_wconf 88' lang='lat' dir='ltr'>moenia</span> <span class='ocrx_word' id='word_1_214' title='bbox 991 2956 1094 3032; x_wconf 88' lang='lat' dir='ltr'>gentis,</span> 
     </span>
     <span class='ocr_line' id='line_1_34' title="bbox 172 3033 841 3114; baseline 0.011 -24"><span class='ocrx_word' id='word_1_215' title='bbox 172 3033 347 3111; x_wconf 83' lang='lat' dir='ltr'>vestigemus</span> <span class='ocrx_word' id='word_1_216' title='bbox 370 3043 432 3095; x_wconf 90' lang='lat' dir='ltr'>eta</span> <span class='ocrx_word' id='word_1_217' title='bbox 454 3043 543 3114; x_wconf 92' lang='lat' dir='ltr'>portu</span> <span class='ocrx_word' id='word_1_218' title='bbox 565 3036 677 3097; x_wconf 87' lang='lat' dir='ltr'>diversa</span> <span class='ocrx_word' id='word_1_219' title='bbox 699 3044 841 3114; x_wconf 81' lang='lat' dir='ltr'>petamus</span> 
     </span>
    </p>

    <p class='ocr_par' dir='ltr' id='par_1_5' title="bbox 171 3117 917 3218">
     <span class='ocr_line' id='line_1_35' title="bbox 171 3117 917 3218; baseline 0.013 -44"><span class='ocrx_word' id='word_1_220' title='bbox 171 3130 249 3176; x_wconf 85' lang='lat' dir='ltr'>nunc</span> <span class='ocrx_word' id='word_1_221' title='bbox 271 3124 388 3194; x_wconf 92' lang='lat' dir='ltr'>pateras</span> <span class='ocrx_word' id='word_1_222' title='bbox 410 3117 497 3194; x_wconf 87' lang='lat' dir='ltr'>libate</span> <span class='ocrx_word' id='word_1_223' title='bbox 519 3119 579 3180; x_wconf 89' lang='lat' dir='ltr'>lovl</span> <span class='ocrx_word' id='word_1_224' title='bbox 597 3120 795 3218; x_wconf 83' lang='lat' dir='ltr'>precibusque</span> <span class='ocrx_word' id='word_1_225' title='bbox 817 3130 917 3184; x_wconf 85' lang='lat' dir='ltr'>vocate</span> 
     </span>
    </p>

    <p class='ocr_par' dir='ltr' id='par_1_6' title="bbox 171 3188 961 3286">
     <span class='ocr_line' id='line_1_36' title="bbox 171 3188 961 3286; baseline 0.008 -26"><span class='ocrx_word' id='word_1_226' title='bbox 171 3199 315 3261; x_wconf 77' lang='lat' dir='ltr'>sncbisen</span> <span class='ocrx_word' id='word_1_227' title='bbox 337 3205 500 3281; x_wconf 86' lang='lat' dir='ltr'>genitorem</span> <span class='ocrx_word' id='word_1_228' title='bbox 518 3202 558 3286; x_wconf 84' lang='lat' dir='ltr'>[et</span> <span class='ocrx_word' id='word_1_229' title='bbox 577 3204 642 3265; x_wconf 88' lang='lat' dir='ltr'>rina</span> <span class='ocrx_word' id='word_1_230' title='bbox 661 3206 794 3283; x_wconf 88' lang='lat' dir='ltr'>reponite</span> <span class='ocrx_word' id='word_1_231' title='bbox 817 3188 961 3280; x_wconf 89' lang='lat' dir='ltr'>mensis].’</span> 
     </span>
    </p>

    <p class='ocr_par' dir='ltr' id='par_1_7' title="bbox 170 3285 1223 3540">
     <span class='ocr_line' id='line_1_37' title="bbox 172 3285 1223 3366; baseline 0.011 -22"><span class='ocrx_word' id='word_1_232' title='bbox 172 3287 213 3345; x_wconf 94' lang='lat' dir='ltr'>sic</span> <span class='ocrx_word' id='word_1_233' title='bbox 239 3285 343 3346; x_wconf 88' lang='lat' dir='ltr'>deinde</span> <span class='ocrx_word' id='word_1_234' title='bbox 367 3288 468 3347; x_wconf 86' lang='lat' dir='ltr'>ellatus</span> <span class='ocrx_word' id='word_1_235' title='bbox 488 3288 637 3348; x_wconf 86' lang='lat' dir='ltr'>irondentl</span> <span class='ocrx_word' id='word_1_236' title='bbox 659 3295 791 3366; x_wconf 92' lang='lat' dir='ltr'>tempora</span> <span class='ocrx_word' id='word_1_237' title='bbox 811 3307 893 3350; x_wconf 91' lang='lat' dir='ltr'>ramo</span> <span class='ocrx_word' id='word_1_238' title='bbox 1133 3301 1185 3357; x_wconf 71' lang='lat' dir='ltr'>lu</span> <span class='ocrx_word' id='word_1_239' title='bbox 1220 3340 1223 3345; x_wconf 85' lang='lat'><em>-</em></span> 
     </span>
     <span class='ocr_line' id='line_1_38' title="bbox 172 3367 969 3453; baseline 0.008 -24"><span class='ocrx_word' id='word_1_240' title='bbox 172 3367 302 3447; x_wconf 90' lang='lat' dir='ltr'>implicat</span> <span class='ocrx_word' id='word_1_241' title='bbox 322 3377 350 3431; x_wconf 92' lang='lat' dir='ltr'>et</span> <span class='ocrx_word' id='word_1_242' title='bbox 372 3373 548 3453; x_wconf 90' lang='lat' dir='ltr'>genlumque</span> <span class='ocrx_word' id='word_1_243' title='bbox 567 3372 624 3433; x_wconf 94' lang='lat' dir='ltr'>loci</span> <span class='ocrx_word' id='word_1_244' title='bbox 641 3373 824 3452; x_wconf 88' lang='lat' dir='ltr'>primamque</span> <span class='ocrx_word' id='word_1_245' title='bbox 846 3373 969 3435; x_wconf 92' lang='lat' dir='ltr'>deorum</span> 
     </span>
     <span class='ocr_line' id='line_1_39' title="bbox 170 3451 988 3540; baseline 0.007 -26"><span class='ocrx_word' id='word_1_246' title='bbox 170 3451 320 3515; x_wconf 77' lang='lat' dir='ltr'>Tellurem</span> <span class='ocrx_word' id='word_1_247' title='bbox 342 3455 543 3537; x_wconf 74' lang='lat' dir='ltr'>nymphasque</span> <span class='ocrx_word' id='word_1_248' title='bbox 565 3464 593 3518; x_wconf 89' lang='lat' dir='ltr'>et</span> <span class='ocrx_word' id='word_1_249' title='bbox 614 3455 738 3518; x_wconf 89' lang='lat' dir='ltr'>adhuc</span> <span class='ocrx_word' id='word_1_250' title='bbox 731 3467 828 3536; x_wconf 80' lang='lat' dir='ltr'>ignota</span> <span class='ocrx_word' id='word_1_251' title='bbox 850 3465 988 3540; x_wconf 89' lang='lat' dir='ltr'>precatur</span> 
     </span>
    </p>
   </div>
   <div class='ocr_carea' id='block_1_5' title="bbox 1172 3512 1221 3637">
    <p class='ocr_par' dir='ltr' id='par_1_8' title="bbox 1172 3512 1221 3637">
     <span class='ocr_line' id='line_1_40' title="bbox 1173 3512 1221 3549; baseline 0 0"><span class='ocrx_word' id='word_1_252' title='bbox 1173 3512 1221 3549; x_wconf 65' lang='lat'>‚¹12¹—</span> 
     </span>
     <span class='ocr_line' id='line_1_41' title="bbox 1172 3612 1218 3637; baseline 0 -8"><span class='ocrx_word' id='word_1_253' title='bbox 1172 3618 1191 3637; x_wconf 58' lang='grc' dir='ltr'>ι’</span> <span class='ocrx_word' id='word_1_254' title='bbox 1213 3612 1218 3621; x_wconf 84' lang='grc'><strong>“</strong></span> 
     </span>
    </p>
   </div>
   <div class='ocr_carea' id='block_1_6' title="bbox 0 0 1234 3936">
    <p class='ocr_par' dir='ltr' id='par_1_9' title="bbox 0 0 1234 3936">
     <span class='ocr_line' id='line_1_42' title="bbox 0 0 1234 3936; baseline 0 0"><span class='ocrx_word' id='word_1_255' title='bbox 0 0 1234 3936; x_wconf 95' lang='lat' dir='ltr'> </span> 
     </span>
    </p>
   </div>
  </div>
 </body>
</html>
