2400 3878
418 195 782 244 vunermanumsvru
1040 185 1102 248 255

96 352 145 416 olli
165 370 220 432 per
241 351 353 419 dumos,
377 367 433 426 qua
454 367 597 427 proxuma
618 356 695 410 meta
716 350 838 420 riarum,

93 437 199 500 armati
220 433 357 501 tendunt:
375 432 398 492 it
417 431 537 502 clamor,
560 440 590 494 et
611 433 726 511 agmine
751 434 828 494 facto
1049 443 1102 497 osa

48 553 49 557 =
98 518 339 600 quadrupedante
358 521 477 595 putrem
497 516 593 577 sonitu
614 517 706 595 quatit
726 517 836 594 ungula
856 535 1003 597 eampum.

96 611 140 665 est
158 605 263 680 ingena
283 599 410 677 gelidum
431 597 514 660 lucus
534 617 628 678 prope
649 599 769 680 Caeritis
790 619 915 670 amnem,

96 685 240 763 religione
258 691 376 762 patrum
395 681 453 743 lats
475 679 572 751 sacer:
594 683 724 762 undique
744 682 834 744 colles

96 770 246 830 inclusere
268 768 331 828 cari
350 774 379 827 et
398 767 482 842 nigra
504 783 608 827 neurus
628 764 724 828 abiete
746 769 875 845 cingrmt.

97 852 213 914 Silvano
234 851 312 911 fama'
335 857 377 911 est
399 855 512 910 veteres
533 854 665 910 sacrasse
687 849 831 929 Pelasgos,
1049 857 1102 910 000

96 953 234 998 arvorum
255 934 428 1013 pecorisque
451 931 515 1003 deo,
539 932 695 1011 lucumque
718 934 862 1012 diemque,

98 1019 148 1097 qui
167 1018 254 1097 primi
275 1018 341 1090 finis
362 1014 517 1094 aliquando
539 1014 671 1076 habuere
690 1017 823 1078 Latinos:

97 1101 167 1163 haut
188 1099 290 1179 procul
311 1100 381 1166 hinc
400 1098 516 1159 Tarcho
539 1108 567 1159 et
588 1098 733 1179 Tyrrheni
746 1107 815 1178 tnta
831 1100 971 1163 tenebant

97 1192 192 1246 castra
210 1183 291 1254 loeis,
316 1180 454 1261 celsoque
475 1182 569 1242 omnis
591 1180 628 1243 de
649 1182 723 1244 oolie
743 1183 835 1246 rideri

96 1268 154 1329 iam
175 1274 291 1347 poterat
308 1265 384 1343 legio
407 1272 436 1326 et
452 1264 517 1327 latis
538 1265 676 1328 tendebat
694 1269 725 1327 in
747 1269 832 1329 arvis.

60 1385 62 1389 ·
96 1351 155 1412 huc
176 1351 392 1429 pararnonem
412 1357 440 1410 et
460 1347 538 1410 bello
560 1348 636 1411 lecta
657 1353 791 1412 iuventus

96 1434 258 1495 succedunt
279 1433 406 1511 fessique
426 1440 455 1493 et
475 1450 566 1511 equos
588 1440 617 1494 et
638 1452 762 1511 corpora
785 1441 897 1494 curant.

139 1519 176 1578 ht
191 1517 289 1578 Venus
310 1516 455 1578 aetherios
477 1517 554 1577 inter
574 1516 627 1576 dea
650 1517 772 1576 candida
794 1515 910 1576 nimbos

96 1601 173 1663 dona
195 1600 293 1662 ferens
315 1601 431 1670 aderat;
451 1606 611 1679 natumque
632 1601 662 1659 in
684 1599 757 1660 valle
775 1598 895 1660 reducta

99 1691 129 1746 ut
150 1683 253 1763 procul
274 1683 386 1762 egelido
407 1692 555 1746 secretum
578 1681 698 1744 numine
714 1683 793 1751 vidit,

94 1767 201 1829 talibus
223 1767 318 1828 adfata
341 1775 386 1829 est
403 1767 487 1828 dictis
507 1785 598 1846 seque
620 1766 723 1828 obtulit
743 1766 839 1827 ultro:

98 1858 148 1912 ‘en
167 1850 297 1929 perfecta
316 1852 375 1912 mei
395 1851 540 1930 promissa
559 1852 690 1929 coniugis
709 1857 772 1912 arte

95 1952 227 2005 munera,
248 1951 287 1995 ne
308 1952 376 1994 mox
397 1941 447 1996 aut
465 1934 628 2004 Laurentis,
651 1941 728 2006 nate,
751 1931 895 2012 superbos

95 2026 145 2078 aut
165 2035 263 2078 acrem
281 2015 397 2078 dubites
418 2019 448 2077 in
470 2016 581 2096 proelia
601 2035 724 2096 poscere
744 2014 896 2078 Turnum!

95 2101 167 2161 dixit
189 2111 217 2161 et
238 2099 388 2179 amplexus
409 2103 469 2161 nati
491 2101 632 2179 Cytherea
653 2103 762 2180 petivit,

95 2201 177 2245 arma
199 2184 253 2245 sub
276 2184 397 2245 adversa
417 2185 515 2263 posuit
536 2184 676 2246 radiantia
697 2202 817 2264 quercu.

95 2266 152 2336 ille,
172 2266 244 2329 deae
263 2265 346 2327 donis
369 2274 398 2328 et
417 2274 498 2328 tanto
515 2266 608 2329 laetus
629 2267 752 2337 honore,

95 2350 207 2430 expleri
228 2351 329 2429 nequit
351 2358 437 2429 atque
458 2351 558 2412 oculos
579 2369 633 2430 per
650 2350 764 2429 singula
781 2349 867 2411 volvit

94 2435 275 2513 miraturque
293 2435 427 2514 interque
445 2452 550 2495 manus
571 2442 600 2495 et
620 2434 758 2494 bracchia
779 2443 875 2493 versat

93 2516 254 2597 terribilem
273 2519 369 2594 cristis
391 2517 504 2594 galeam
525 2517 715 2596 flammasque
735 2517 894 2575 minantem

94 2599 299 2679 fatiferumque
318 2618 426 2671 ensem,
448 2596 569 2662 loricam
589 2601 634 2661 ex'
646 2618 714 2660 aere
735 2600 878 2676 rigentem

94 2687 284 2760 sanguineam
302 2684 459 2762 ingentem,
483 2684 576 2764 qualis
598 2702 665 2744 cum
687 2680 803 2742 caerula
822 2681 914 2742 nubes

94 2765 163 2826 solis
185 2765 342 2828 inardescit
360 2769 450 2829 radis
468 2768 615 2847 longeque
635 2763 777 2844 refulget;

94 2856 157 2911 tum
176 2849 247 2910 levis
269 2868 371 2912 ocreas
388 2850 498 2913 electro
519 2869 650 2930 auroque
668 2855 786 2910 recocto

94 2932 265 3012 hastamque
287 2940 315 2995 et
336 2934 420 3013 clipei
442 2953 503 2995 non
525 2933 689 2996 enarrabile
709 2941 829 2995 textum.

94 3015 152 3076 illic
173 3035 222 3077 res
243 3016 329 3078 italas
347 3019 606 3095 Romanorumque
627 3018 791 3097 triumphos

94 3099 166 3160 hant
187 3106 284 3161 vatum
310 3102 428 3179 ignarus
448 3103 621 3181 venturique
641 3103 751 3163 inscius
774 3101 835 3160 aevi

94 3181 205 3243 fecerat
223 3185 397 3262 ignipotens,
416 3183 474 3245 illio
495 3202 588 3263 genua
610 3202 697 3245 omne
718 3184 833 3243 futurae

94 3266 193 3344 stirpis
214 3266 250 3327 ab
272 3267 396 3328 Ascanio
417 3273 602 3346 pugnataque
623 3269 653 3327 in
675 3265 777 3325 ordine
798 3262 883 3323 bella.

94 3349 205 3412 fecerat
226 3357 255 3410 et
275 3352 359 3412 viridi
378 3353 466 3412 fetam
482 3351 628 3412 Mavortis
639 3351 670 3408 in
688 3355 772 3407 antro

93 3434 288 3514 procubuisse
308 3433 418 3514 lupam,
440 3435 571 3512 geminos
592 3433 662 3492 huic
679 3429 771 3491 ubera
792 3429 904 3489 circum
