2400 3878
427 217 570 264 vastum
586 217 709 266 annius
725 219 775 265 ΧΠ

94 379 204 440 lumina
225 391 281 434 nec
301 388 442 449 generum
461 376 578 431 Aenean
598 374 708 450 captiva
729 372 850 433 videbo!

96 461 210 537 accepit
230 473 331 516 vocem
350 455 476 515 lacrimis
499 456 612 515 Lavinia
637 457 737 517 matris

96 542 246 620 flagrantis
267 539 386 618 perlusa
411 556 507 615 genas.
530 541 597 616 quoi
619 539 761 616 plurimus
781 542 878 616 ignem
1066 548 1100 598 11

95 625 218 686 subiecit
239 622 331 682 rubor
354 631 383 681 et
405 620 543 682 calefacta
566 641 619 700 per
642 641 692 682 ora
715 626 853 683 cucurrit.

95 709 200 769 ludum
222 708 380 782 sanguineo
401 704 488 764 veluti
508 704 656 766 violaverit
678 717 758 768 ostro

96 792 187 870 siquis
205 790 288 857 ebur,
312 797 362 848 aut
384 789 473 848 mixta
495 788 602 848 rubent
623 790 673 849 ubi
695 789 753 849 lilia
775 790 865 851 multa

96 874 161 935 alba
179 891 261 933 rosa:
282 871 347 931 talis
368 873 448 949 virgo
472 870 559 931 dabat
577 889 629 933 ore
652 873 773 933 colores.

96 957 177 1018 illum
199 956 298 1016 turbat
320 973 411 1023 amor,
434 955 552 1032 figitque
574 957 605 1014 in
626 958 737 1034 virgine
758 956 866 1017 voltus:
1067 963 1101 1013 71

96 1040 179 1100 ardet
201 1039 231 1098 in
255 1057 334 1100 arma
358 1039 450 1115 magis
470 1040 630 1117 paucisque
651 1040 764 1099 adfatur
786 1042 926 1101 11111111.

97 1133 160 1192 ·11,
186 1140 303 1201 quaeso,
323 1140 361 1182 ne
380 1140 427 1182 me
449 1120 576 1182 lacrimis
596 1140 667 1183 neve
689 1125 785 1184 omine
807 1132 887 1183 tanto

96 1224 276 1286 prosequere
298 1207 328 1264 in
350 1206 415 1266 duri
439 1208 599 1266 certamina
619 1207 720 1267 Martis
742 1216 868 1276 euntem,

97 1308 114 1348 1
137 1298 243 1358 maten
268 1306 364 1366 neque
387 1291 463 1349 enim
485 1289 585 1349 Turno
607 1309 690 1351 mora
712 1290 805 1351 libera
830 1293 941 1350 mortis.

97 1374 215 1432 nuntius
234 1373 307 1432 11111
329 1371 432 1431 Idmon
452 1372 577 1450 Phrygio
599 1392 663 1433 mea
685 1374 761 1434 dicta
779 1383 902 1452 tyranno
1068 1381 1101 1429 11

96 1455 167 1515 baut
187 1455 328 1533 placitura
346 1454 441 1514 refer:
465 1472 531 1514 cum
554 1458 681 1531 primum
702 1457 827 1515 crastina
849 1455 929 1515 caelo

96 1541 227 1618 puniceis
245 1541 357 1598 invecta
380 1539 452 1596 rotis
471 1539 583 1596 Aurora
607 1537 732 1605 rubebit,

96 1640 156 1682 non
175 1623 306 1682 Teucros
325 1631 391 1697 agat
412 1623 440 1679 in
465 1619 595 1689 Rutulos,
619 1620 766 1683 Teucrum
784 1637 865 1679 arma
887 1622 1040 1696 quiescant

97 1713 127 1765 11
147 1704 263 1771 nutum
285 1712 386 1764 nostro
409 1703 580 1763 dirimamus
601 1705 741 1780 sanguine
762 1702 879 1769 bellum,

97 1787 146 1848 illo
168 1796 325 1867 quaeratur
347 1789 472 1846 coniunx
494 1786 610 1847 Lavinia
633 1787 754 1863 campo?
1067 1795 1101 1844 80

139 1871 218 1932 llaec
239 1871 289 1931 ubi
310 1871 385 1930 dieta
405 1871 484 1931 dedit
504 1871 682 1949 rapidusque
702 1873 731 1930 in
754 1879 828 1929 tecta
851 1871 981 1936 recessit,

102 1955 195 2032 poscit
216 1972 305 2032 equos
328 1954 492 2033 gaudetque
515 1962 598 2014 tuens
621 1961 687 2014 ante
709 1972 761 2013 ora
783 1952 943 2019 frementis,

97 2038 231 2098 Pilumno
252 2055 324 2115 quos
347 2040 409 2115 ipsa
430 2040 519 2098 decus
539 2038 617 2098 dedit
641 2038 780 2115 Orithyia.

97 2123 146 2199 qui
167 2121 293 2181 candore
312 2123 392 2182 nives
413 2124 566 2188 anteirent,
590 2121 724 2181 cursibus
744 2139 838 2180 auras.

97 2204 286 2264 circumstant
307 2207 426 2282 properi
447 2207 565 2281 aurigae
586 2204 778 2282 manibusque
801 2202 946 2263 lacessunt
1067 2209 1101 2260 11

97 2296 216 2366 pectora
237 2287 338 2364 plausa
360 2289 436 2346 cavis
456 2298 485 2349 et
501 2288 572 2347 colla
595 2290 737 2348 comantia
759 2295 886 2364 pectunt.

97 2373 160 2447 ipse
181 2370 287 2430 deblnc
311 2387 382 2430 auro
405 2371 584 2448 squalentem
605 2370 729 2447 alboque
751 2368 897 2429 orichalco

98 2452 260 2512 circumdat
282 2451 402 2511 loricam
423 2455 549 2519 umeris:
571 2452 657 2512 simul
675 2461 754 2530 aptat
775 2453 909 2512 habendo

98 2551 258 2611 ensemque
280 2534 463 2610 clipeumque
483 2544 511 2594 et
533 2534 640 2595 rubrae
663 2553 773 2596 cornua
795 2538 909 2602 cristae,

49 2659 51 2662 ⁴
100 2634 208 2680 ensem,
232 2635 319 2694 quem
341 2616 441 2675 Dauno
464 2618 627 2697 ignipotens
648 2618 720 2678 deus
740 2622 803 2696 ipse
821 2620 934 2695 parenti
1066 2621 1103 2674 11

99 2700 208 2759 1111111
229 2708 258 2759 et
280 2699 377 2778 Stygia
395 2701 566 2760 candentem
588 2702 713 2762 tinxerat
732 2702 819 2762 unda.

99 2783 174 2842 11111
198 2800 272 2860 quae
294 2783 397 2844 mediis
420 2785 529 2861 ingenti
551 2785 654 2844 adnixa
676 2785 830 2846 columnae

99 2864 219 2926 aedibus
240 2866 380 2937 adstabat,
405 2868 527 2928 validam
549 2871 577 2928 vi
600 2869 719 2946 corripit
741 2869 861 2936 hastam,

98 2951 210 3011 Actoris
232 2954 362 3014 Aurunci
383 2951 518 3030 spolium,
540 2961 714 3032 quassatque
735 2960 907 3013 trementem

97 3035 273 3096 vociferans:
296 3045 398 3106 ‘nunc
421 3055 438 3096 1
459 3055 617 3115 numquam
639 3039 777 3098 frustrata
797 3043 915 3094 vocatus
1066 3041 1100 3088 11

98 3117 179 3177 basta
201 3138 291 3189 meos,
314 3139 392 3181 nunc
414 3131 529 3200 tempus
550 3121 645 3182 adest:
665 3129 694 3179 te
716 3120 858 3178 maximus
881 3121 968 3175 11111

98 3210 127 3259 11
146 3199 238 3261 Turni
259 3221 338 3264 nunc
359 3205 460 3264 dextra
484 3206 567 3282 gerit.
602 3206 638 3264 da
661 3213 793 3261 sternere
815 3215 921 3273 corpus

98 3283 278 3361 loricamque
297 3304 385 3346 manu
404 3288 498 3348 valida
518 3287 647 3347 lacerare
668 3281 811 3342 revulsam

98 3368 225 3425 semiviri
248 3367 369 3446 Phrygis
387 3378 416 3430 et
437 3370 556 3430 foedare
576 3371 606 3428 in
628 3366 746 3444 pulvere
768 3365 856 3423 crinis

101 3449 226 3508 vibratos
247 3450 338 3509 calido
362 3451 441 3511 ferro
461 3469 619 3529 murraque
640 3446 800 3508 madentis?
1052 3449 1101 3501 too
