2400 3878
538 220 637 269 CIBIS.

74 395 179 455 magna
201 376 351 454 Giganteis
372 383 515 436 ornantur
536 374 622 454 pepla
644 376 782 453 tropaeis,

74 460 195 522 horrida
218 461 378 537 sanguineo
400 460 562 537 pinguntur
583 458 695 537 proella
718 475 820 525 coeeo;

74 545 190 605 additur
212 551 313 604 aurata
336 538 465 602 deiectus
488 542 607 621 cuspide
629 541 761 620 Typhon,

74 631 124 706 qui
145 628 241 705 prius,
265 626 380 686 Ossaeis
403 633 596 686 consternens
618 625 737 685 aethera
759 625 844 691 saxis,

73 711 209 771 Emathio
232 708 343 770 celsum
366 708 533 786 duplicabat
554 710 662 769 vertice
685 707 849 785 Olympum.

73 794 131 854 tale
154 794 225 853 deae
246 793 342 853 velum
364 792 499 853 sollemni
519 800 653 870 tempore
674 799 806 872 portant3

75 878 124 938 tali
148 885 176 936 te
198 876 318 946 vellem,
341 877 478 936 iuvenum
502 876 684 945 doctissime,
707 875 766 933 ritu

73 978 238 1039 purpureos
259 962 337 1020 inter
360 959 437 1021 soles
460 967 489 1019 et
511 951 633 1019 candida
655 958 743 1018 lunae

75 1044 186 1113 sidera,
210 1043 352 1104 caeruleis
375 1043 477 1103 orbem
500 1041 644 1121 pulsantia
666 1041 750 1119 bigis,

75 1134 197 1187 naturae
219 1145 319 1187 rerum
341 1129 455 1204 magnis
476 1128 609 1186 intexere
631 1127 756 1185 chartis:

76 1218 228 1269 aeternum
250 1209 370 1289 sophiae
393 1212 582 1274 coniunctum
605 1210 735 1271 carmine
757 1225 865 1267 nomen

75 1300 175 1351 nostra
197 1299 279 1352 tuum
301 1293 421 1354 senibus
441 1293 612 1371 loqueretur
633 1295 739 1372 pagiua
761 1290 874 1351 saeclis.

75 1375 127 1434 sed
149 1376 286 1453 quoniam
309 1375 344 1435 ad
367 1383 462 1435 tantas
485 1394 563 1436 nunc
584 1378 712 1454 primum
728 1376 875 1435 nascimur
897 1380 983 1443 artes,

76 1476 154 1517 nunc
175 1459 304 1536 primum
325 1465 444 1518 teneros
464 1459 616 1518 firmamus
637 1459 745 1518 robore
767 1476 883 1533 nervos,

75 1540 149 1601 haec
170 1549 269 1602 tamen
290 1543 418 1610 interea,
442 1558 516 1618 quae
537 1558 707 1618 possumus,
729 1543 760 1600 in
783 1541 889 1619 quibus
910 1543 973 1600 aevi

76 1628 170 1704 prima
192 1624 357 1684 rudimenta
379 1631 409 1683 et
429 1625 540 1701 primos
562 1626 712 1702 exegimus
734 1642 834 1694 annos,

76 1711 175 1788 accipe
198 1708 274 1768 dona
295 1726 362 1768 meo
384 1706 507 1767 multum
529 1706 645 1784 vigilata
666 1706 767 1768 labore

76 1795 296 1872 promissaeque
318 1792 368 1852 diu
388 1792 447 1851 iam
469 1790 587 1851 tandem
610 1790 729 1852 exordia
751 1790 877 1869 opellae:

76 1880 167 1956 impia
178 1875 319 1955 prodigiis
340 1883 373 1935 ut
394 1871 544 1952 quondam
567 1877 705 1935 exterrita
728 1875 836 1935 amoris

78 1960 173 2038 Scylla
195 1978 284 2020 novos
306 1961 401 2020 avium
424 1957 557 2020 sublimis
578 1961 609 2018 in
632 1965 701 2020 aere
723 1968 823 2020 coetus

78 2044 182 2104 viderit
203 2052 232 2103 et
254 2045 334 2104 tenui
356 2044 557 2104 conscendens
578 2044 697 2103 aethera
719 2061 814 2123 penna

78 2127 221 2188 caeruleis
243 2145 294 2188 sua
316 2134 392 2188 tecta
411 2144 502 2205 super
523 2125 687 2188 volitaverit
708 2125 769 2202 alis,

77 2210 154 2273 hanc
174 2229 229 2289 pro
251 2228 400 2290 purpureo
422 2229 548 2290 poenam
570 2209 710 2270 scelerata
733 2208 868 2288 capillo,-

77 2312 131 2371 pro
153 2296 247 2371 patria
269 2294 384 2353 solvens
406 2295 501 2353 excisa
523 2292 654 2353 lunditus
675 2291 758 2351 urbe.

78 2375 244 2453 complures
264 2374 344 2434 illam
367 2385 397 2433 et
418 2377 531 2451 magni,
554 2374 701 2442 Messalla,
724 2380 828 2451 poetae

79 2458 156 2536 (nam
179 2475 280 2517 verum
301 2456 459 2515 fateamur:
483 2467 562 2515 amat
582 2456 771 2532 Polyhymnia
794 2455 904 2534 verum)

78 2540 164 2617 longe
187 2539 242 2598 aha
264 2536 422 2618 perhibent
444 2545 584 2596 mutatam
607 2537 739 2597 membra
755 2537 847 2614 ligura

78 2621 241 2700 Scyllaeum
262 2627 394 2681 monstro
417 2638 518 2680 saxum
539 2618 679 2678 infestare
700 2621 812 2687 voraci:

76 2704 156 2766 illam
179 2723 243 2766 esse
266 2704 414 2764 aerumnis
435 2720 523 2781 quam
545 2719 632 2780 saepe
654 2701 785 2779 legamus
806 2701 882 2761 Ulixi

78 2789 200 2850 candida
222 2788 400 2849 succinctam
422 2784 596 2846 latrantibus
616 2785 737 2862 inguina
759 2787 898 2845 monstris

77 2873 225 2935 Dulichias
247 2887 365 2931 vexasse
387 2877 466 2930 rates
488 2875 517 2928 et
539 2870 654 2947 gurgite
675 2869 706 2927 iu
728 2867 786 2928 alto

78 2957 238 3036 deprensos
260 2962 363 3016 nautas
385 2953 506 3014 canibus
528 2952 673 3014 lacerasse
695 2953 825 3013 marinis.

77 3040 128 3099 sed
151 3058 246 3119 neque
267 3039 416 3100 Maeoniae
438 3038 588 3115 patiuntur
610 3037 732 3098 credere
748 3036 872 3097 chartae

77 3140 133 3183 nec
154 3123 248 3183 malus
268 3123 393 3181 istorum
416 3120 511 3182 dubiis
533 3120 685 3181 erroribus
706 3129 817 3180 auctor.

77 3224 203 3285 namque
225 3205 295 3265 alias
317 3203 366 3263 alii
387 3204 471 3282 volgo
493 3204 605 3264 finxere
626 3203 746 3282 puellas,

77 3308 151 3368 quae
173 3288 387 3368 Colophoniaco
410 3286 523 3366 Scyllae
545 3287 679 3347 dicantur
700 3287 838 3346 Homero.

77 3375 139 3452 ipse
162 3373 296 3433 Crataein
319 3370 359 3429 ait
380 3377 519 3437 matrem;
541 3370 594 3429 sed
616 3371 676 3430 sive
698 3368 827 3431 Crataeis

77 3458 137 3516 sive
158 3454 238 3518 illam
259 3461 424 3513 monstrum
446 3454 547 3530 genuit
568 3470 655 3530 grave
677 3452 808 3513 Echidna
830 3452 973 3522 biformis,
1015 3496 1016 3499 κ

145 3569 280 3615 amsucu,
299 3565 412 3603 vuncrn.
839 3554 880 3614 24
