2400 3878
142 192 202 251 322
471 205 614 251 vnnornr
641 205 766 252 neuma
782 206 819 252 xx

140 361 224 429 dixit3
248 371 277 420 at
296 358 345 420 illa
366 359 437 420 levis
460 358 532 419 caeli
554 360 671 438 delapsa
692 379 746 439 per
767 379 853 420 auras

140 446 276 513 msonuit‚
299 446 384 521 nigro
405 445 583 503 circumdata
607 444 724 504 turbine
744 463 863 522 corpus.

179 533 215 588 tlt
237 546 340 588 manus
362 530 475 587 interea
497 529 588 588 muris
608 529 736 588 Troiana
759 531 937 607 propinquat

137 613 310 691 Etruscique
332 612 422 671 duces
445 613 634 690 equitumque
658 615 804 673 exercitus
825 630 929 681 omnis,

139 697 294 773 compositi
316 713 440 755 numero
460 697 489 756 in
513 704 634 756 turmas.
672 697 770 757 fremit
790 715 920 775 aequore
942 704 1002 757 toto

136 780 278 840 insidtans
298 782 417 857 sonipes
439 789 467 840 et
489 782 598 858 pressis
617 789 727 857 pugnat
749 779 872 840 habenis

136 864 195 924 huc
218 882 376 923 conversus
399 871 426 923 et
448 863 522 931 huc;
545 875 606 924 tum
628 863 686 924 late
709 866 824 924 ferreus
843 865 932 924 hastis

135 948 238 1008 horret
260 965 329 1024 ager
348 949 502 1026 campique
522 949 610 1007 armis
631 947 807 1009 sublimibus
829 950 941 1012 ardent.

136 1050 269 1092 necnon
291 1032 441 1108 Messapus
465 1043 565 1091 contra
589 1031 759 1111 celeresque
779 1033 873 1092 Latini

136 1127 165 1176 et
188 1116 366 1175 cumfratre
390 1116 480 1174 Coras
499 1124 527 1174 et
546 1117 664 1191 virginis
687 1117 732 1175 ala
754 1116 891 1177 Camillae

137 1200 251 1259 adversi
274 1217 377 1276 campo
398 1209 541 1276 apparent
564 1200 718 1277 hastasque
742 1201 871 1261 reductis

136 1283 313 1360 protendunt
334 1282 422 1359 longe
444 1283 552 1342 dextris
572 1291 600 1343 et
622 1283 735 1360 spicula
758 1283 881 1355 vibrant,

136 1367 351 1448 [adventusque
372 1370 467 1426 virum
490 1367 681 1445 fremitusque
703 1369 830 1429 ardescit
849 1367 1017 1449 equorum].

136 1453 253 1530 iamque
272 1454 348 1511 intra
371 1453 478 1511 iactum
499 1450 549 1511 teli
571 1469 747 1530 progressus
769 1463 894 1530 uterque

135 1535 319 1596 substiterat:
340 1536 436 1596 subito
461 1544 618 1613 erumpunt
640 1537 768 1598 clamore
789 1537 971 1617 furentisque

136 1620 327 1679 exhortantur
349 1639 457 1698 equos;
480 1621 605 1680 fundunt
626 1620 711 1680 simul
733 1621 863 1699 undique
881 1621 938 1680 tela

135 1703 239 1763 crebra
263 1706 334 1763 nisis
358 1707 416 1764 ritu
440 1704 612 1780 caelumque
634 1705 781 1765 obtexitur
802 1704 916 1764 umbra.

134 1791 271 1847 continuo
294 1789 422 1848 adversis
440 1788 612 1867 Tyrrhenus
638 1798 667 1849 et
688 1808 756 1848 acer
776 1794 921 1849 Aconteus

136 1872 231 1930 conixi
253 1873 410 1930 incurrunt
432 1871 520 1930 hastis
542 1873 688 1949 primique
709 1875 795 1933 ruina

135 1955 204 2014 dant
227 1957 354 2013 sonitum
378 1956 488 2031 ingenti
509 1957 714 2034 perfractaque
736 1956 1010 2034 quadrupedantum

134 2045 253 2115 pectora
273 2037 443 2116 pectoribus
463 2049 618 2117 rumpunt:
644 2056 784 2100 excussus
805 2043 952 2099 Aconteus

134 2122 262 2181 lulminls
284 2124 315 2181 in
337 2140 451 2182 morem
473 2133 523 2183 aut
541 2132 687 2183 tormento
704 2124 844 2201 ponderis
867 2126 922 2182 acti

135 2208 308 2285 praecipitat
329 2205 417 2281 longe
436 2218 464 2266 et
484 2209 570 2266 vitam
594 2207 736 2284 dispergit
755 2210 785 2267 in
808 2226 904 2267 auras.

134 2290 280 2369 extemplo
303 2289 438 2351 turbatae
460 2293 546 2358 acies,
571 2293 705 2369 versique
726 2291 821 2352 Latini

133 2376 257 2434 reiciunt
278 2389 396 2439 parmas
419 2385 447 2435 et
470 2394 561 2455 equos
583 2376 619 2436 ad
641 2379 755 2437 moenia
777 2385 903 2437 vertunt.

135 2457 227 2518 Troes
249 2475 348 2537 agunt„
372 2461 510 2538 omneeps
532 2472 642 2520 turmas
662 2462 773 2521 inducit
794 2460 896 2520 Asilas.

134 2543 250 2619 iamque
272 2544 511 2622 propinquabant
532 2547 634 2624 portis,
657 2565 819 2623 rursusque
841 2544 935 2604 Latlni

135 2625 294 2687 clamorem
315 2627 422 2689 tollunt
444 2640 472 2688 et
493 2628 592 2690 mollia
615 2629 688 2689 colla
710 2629 880 2690 reflectunt:

135 2711 164 2770 hi
188 2711 304 2787 lugiunt
322 2714 499 2791 penitusque
525 2714 599 2775 datis
617 2715 788 2775 reseruntur
808 2711 938 2772 habenis.

135 2793 228 2870 qualis
248 2795 298 2855 ubi
321 2795 434 2857 alterno
457 2815 639 2875 procurrens
660 2800 776 2876 gurgite
798 2805 905 2876 pontus

135 2895 212 2937 nunc
234 2880 292 2938 ruit
315 2881 351 2938 ad
369 2889 479 2940 terram
501 2881 696 2960 scopulosque
717 2882 874 2959 superiacit
895 2878 972 2939 unda

135 2979 274 3038 spumeus
297 2973 517 3040 extremamque
539 2966 606 3023 sinu
627 2965 777 3041 perfundit
798 2966 948 3030 harenam,

134 3062 213 3104 nunc
235 3046 355 3122 rapidus
376 3054 456 3104 retro
479 3056 566 3122 atque
589 3055 670 3106 aestu
687 3045 817 3107 revoluta
839 3047 995 3107 resorbens

135 3147 202 3189 saxa
225 3129 299 3207 lugit
320 3128 447 3206 litusque
468 3129 541 3188 vado
565 3128 682 3189 labente
700 3128 851 3206 relinquit:

135 3213 179 3271 bis
202 3213 290 3273 Tusci
312 3211 435 3273 Rutulos
458 3231 545 3289 egere
567 3214 604 3273 ad
626 3215 740 3273 moenia
763 3232 872 3282 versos,

134 3296 177 3354 bis
198 3297 298 3356 reiecti
319 3298 408 3357 armis
432 3306 598 3375 respectant
615 3307 696 3374 terga
718 3305 857 3374 tegentes.

135 3381 218 3439 tertia
241 3380 293 3439 sed
318 3389 472 3459 postquam
495 3382 644 3458 congressi
666 3381 696 3439 in
718 3380 829 3458 proelia
851 3392 927 3441 totas

135 3464 296 3540 inplicuere
316 3464 394 3523 inter
416 3483 448 3526 se
472 3466 548 3524 acies
569 3464 697 3540 legitque
718 3466 812 3524 virum
835 3467 893 3525 vir:
