2400 3878
404 229 547 277 venarer
569 228 694 276 annuis
711 230 723 276 1
1012 217 1068 276 105

60 382 203 443 mirantur
224 382 300 443 dona
322 383 451 452 Aeneae,
475 384 618 444 mirantur
639 382 734 444 lulum

58 464 266 544 flagrantisque
288 466 336 527 dei
357 465 451 527 voltus
473 465 665 544 simulataque
687 463 785 526 verba.
1017 476 1070 533 710

60 547 240 627 [pallamque
260 557 288 611 et
306 550 417 628 pictum
438 567 544 611 croceo
567 549 699 611 velamen
720 548 871 628 acantho]

58 632 252 710 *lpraecipue
273 631 389 698 Infelix,
414 633 489 708 pesti
513 629 617 692 devota
638 634 765 701 futurae,

59 712 171 792 expleri
190 723 318 777 mentem
340 717 441 794 nequit
461 717 644 795 ardescitque
665 715 775 777 tuendo

59 797 232 868 Phoenissa,
253 807 281 860 et
301 802 411 878 pariter
429 817 522 878 puero
541 800 682 878 donisque
701 798 855 885 moretur]

58 880 106 941 ille
125 881 177 942 ubi
199 883 353 961 complexu
371 885 486 945 Aeneae
509 883 641 962 colloque
663 883 801 961 pependit

58 972 87 1024 et
109 983 248 1043 magnum
267 967 330 1028 falsi
352 966 471 1045 inplevit
492 968 632 1045 genitoris
654 985 800 1037 amorem,

58 1049 189 1127 reginam
210 1051 291 1127 petit.
336 1051 408 1112 baec
432 1049 539 1121 oculis,
559 1050 632 1112 haec
653 1059 772 1129 pectore
795 1057 856 1111 toto

57 1131 158 1192 haeret
178 1139 207 1193 et
228 1134 375 1195 interdum
395 1135 507 1211 gremio
530 1133 622 1203 louet,
645 1135 735 1195 inscia
758 1134 845 1203 Dido,

56 1215 162 1276 insidat
182 1224 307 1294 quantus
328 1220 451 1279 miserae
473 1217 554 1280 deus.
599 1225 628 1278 at
648 1236 761 1279 memor
778 1217 836 1290 itte,

57 1300 158 1358 matris
179 1298 324 1361 Acidaliae
344 1302 482 1378 paulatim
504 1300 623 1362 abolere
644 1301 808 1381 Sychaeum

56 1381 173 1459 incipit,
196 1393 225 1441 et
245 1385 308 1443 vivo
327 1392 448 1462 temptat
471 1395 658 1462 praevertere
680 1402 780 1445 amore

57 1464 249 1541 iampridem
271 1466 383 1527 resides
404 1469 516 1526 animos
538 1467 716 1545 desuetaque
740 1465 838 1527 corda.

98 1547 256 1626 Postquam
276 1550 371 1626 prima
391 1550 474 1626 quies
495 1549 602 1628 epulis,
626 1567 801 1627 mensaeque
823 1559 951 1613 remotae

57 1638 187 1691 crateras
208 1649 331 1710 magnos
352 1639 483 1692 statuunt
505 1642 534 1692 et
556 1633 621 1693 vina
643 1640 793 1692 coronant.

56 1715 78 1774 it
100 1714 239 1791 strepitus
261 1717 344 1775 tectis
363 1733 522 1794 vocemque
544 1733 598 1794 per
620 1713 715 1792 ampla
738 1715 867 1777 volutant

56 1798 145 1865 atria;
169 1797 336 1875 dependent
353 1797 464 1878 lychlni
474 1798 661 1877 laquearibus
681 1799 777 1860 aureis

56 1882 181 1949 incensi,
203 1888 232 1941 et
255 1889 373 1942 noctem
393 1881 518 1942 ssammis
540 1881 647 1942 iunalia
669 1883 796 1943 vincunt.

57 1963 103 2024 hic
125 1964 226 2040 regina
248 1981 367 2042 gravem
390 1966 512 2043 gemmis
531 1983 663 2044 auroque
685 1967 818 2044 poposcit

55 2046 242 2125 implevitque
264 2067 346 2109 mero
368 2057 515 2126 pateram,
538 2067 625 2126 quam
641 2046 730 2109 Belus
752 2058 781 2111 et
801 2067 904 2112 omnes

56 2149 71 2190 a
95 2128 165 2191 Belo
189 2130 278 2200 soliti;
300 2140 362 2191 turn
384 2132 458 2192 iacta
481 2131 593 2192 silentia
612 2134 711 2192 tectis:

56 2213 218 2291 ‘luppiter,
237 2214 400 2292 hospitibus
423 2233 491 2275 nam
513 2222 542 2277 te
561 2216 631 2276 dare
653 2217 717 2276 iura
738 2214 890 2287 locuntur,

55 2295 135 2356 hunc
155 2295 263 2358 laetum
285 2297 438 2377 Tyriisque
458 2299 536 2359 diem
556 2299 702 2377 Troiaque
722 2300 862 2376 proiectis

56 2396 121 2440 esse
140 2378 227 2449 telis,
247 2387 421 2459 nostrosque
444 2380 531 2441 huius
552 2383 719 2443 meminisse
740 2384 878 2444 minores.

57 2462 130 2522 adsit
150 2461 275 2523 laetitiae
290 2462 423 2524 Bacchus
443 2463 526 2523 dator
549 2472 579 2524 et
596 2464 673 2524 bona
695 2464 784 2532 luno:

56 2551 84 2605 et
106 2562 158 2603 vos
178 2562 194 2602 ο
217 2552 348 2613 coetum,
373 2545 467 2622 Tyrii,
492 2544 637 2606 celebrate
659 2546 811 2606 faventes!

56 2627 140 2695 dixit,
165 2634 193 2685 et
214 2627 245 2686 in
267 2644 398 2686 mensam
421 2626 539 2687 laticum
559 2626 659 2688 libavit
678 2628 835 2696 honorem,

56 2711 208 2788 primaque
229 2709 318 2770 libato
341 2728 455 2770 summo
477 2718 564 2771 tenus
586 2712 679 2787 attigit
697 2729 764 2780 ore;

55 2803 118 2854 tum
140 2793 232 2855 Bitiae
250 2793 329 2854 dedit
351 2794 544 2872 increpitans;
567 2792 615 2856 ille
636 2796 749 2874 inpiger
769 2795 864 2855 hausit

55 2885 239 2955 spumantem
260 2885 405 2955 pateram,
430 2885 458 2938 et
478 2877 565 2955 pleno
584 2895 616 2939 se
638 2877 747 2957 proluit
765 2896 851 2947 auro;

54 2967 120 3038 post
139 2959 185 3021 alii
208 2978 357 3039 proceres.
402 2961 511 3022 cithara
534 2963 654 3023 crinitus
675 2963 760 3041 lopas
1018 2973 1070 3028 tec

54 3053 191 3122 personat
213 3053 328 3115 aurata,
349 3045 448 3106 docuit
465 3064 553 3124 quem
574 3047 717 3106 maximus
739 3045 847 3108 Atlans.

54 3127 102 3187 hic
121 3129 198 3188 canit
220 3135 367 3190 errantem
389 3127 489 3190 lunam
511 3129 637 3206 solisque
662 3130 795 3200 labores,

55 3211 132 3272 unde
154 3210 304 3273 hominum
326 3229 418 3291 genus
436 3220 465 3273 et
486 3213 628 3290 pecudes,
652 3214 730 3273 unde
753 3211 848 3273 imber
870 3222 899 3274 et
921 3214 1017 3290 ignes,

55 3300 204 3355 arcturum
226 3295 395 3375 pluviasque
417 3295 525 3376 hyadas
548 3296 737 3374 geminosque
758 3296 881 3366 triones,
947 3350 949 3353 ,

55 3377 124 3455 quid
145 3385 258 3438 tantum
279 3377 396 3440 Oceano
418 3387 580 3458 properent
598 3396 629 3439 se
650 3380 782 3456 tinguere
802 3378 879 3440 soles
1016 3388 1067 3443 tes
1113 3447 1115 3450 ,

55 3458 186 3529 hiberni,
209 3461 255 3522 vel
281 3480 355 3540 quae
377 3462 469 3523 tardis
492 3479 575 3522 mora
597 3461 732 3522 noctibus
753 3461 856 3522 obstet.
