2400 3878
134 217 192 282 186
464 228 607 276 vuuorur
633 228 757 275 nnuma
775 229 795 271 r

130 387 242 464 primus
265 392 293 444 et
314 384 469 450 Ascanius,
493 399 597 442 cursus
616 390 648 441 ut
669 381 762 441 laetus
786 384 928 459 equestris

131 467 271 535 ducebat,
295 469 336 527 sie
357 485 425 526 acer
447 484 522 544 equo
544 466 659 526 turbata
682 466 781 541 petirit

131 561 240 620 castra,
264 569 319 612 uec
342 551 488 611 exanimes
510 557 633 626 possunt
653 550 780 609 retinere
802 549 940 624 magistri.

128 637 211 713 ‘quis
230 635 313 695 furor
335 636 388 694 iste
409 634 519 693 novos?
541 649 598 709 quo
620 650 713 700 urrnc,
734 650 791 710 quo
808 630 937 691 tenditis’
956 634 1053 711 inquit

132 719 204 780 ‘heu
228 720 352 778 miserae
372 718 468 778 cives‘l
490 734 549 776 non
570 716 684 775 bostem
705 716 879 791 inimicaque
898 725 995 777 castra

130 803 283 879 Argivom,
306 810 416 862 vestras
437 818 503 878 spes
526 801 616 860 uritis.
663 817 711 866 en,
736 815 790 875 ego
813 805 907 858 vester

129 883 296 946 Ascaniusl'
321 884 431 961 galeam
452 894 517 944 ante
539 883 628 961 pedes
647 883 769 961 proiecit
790 884 920 947 inanem.

132 987 188 1046 qua
211 968 279 1028 ludo
303 969 421 1029 indutus
444 967 512 1028 belli
535 967 690 1028 simulacra
709 965 810 1026 ciebat.

131 1051 274 1113 accelerat
296 1052 382 1112 simul
403 1054 529 1120 Aeneas,
554 1051 639 1110 simul
662 1051 776 1127 agmina
799 1048 954 1109 Teucrum.

131 1144 175 1196 ast
197 1134 261 1195 illae
281 1135 393 1195 diversa
413 1143 492 1195 metu
516 1152 569 1211 per
591 1132 675 1193 litora
695 1135 802 1210 passim

133 1219 301 1294 diffugiunt,
326 1218 469 1295 silvasque
492 1227 520 1278 et
539 1217 631 1277 sicubi
653 1234 778 1276 concava
799 1215 897 1275 lentim

131 1320 200 1361 saxa
222 1310 338 1378 petuut;
361 1303 440 1379 piget
463 1303 570 1377 incepti
591 1300 737 1378 lucisque,
759 1316 885 1376 suosque

132 1394 258 1445 mutatae
280 1385 475 1461 adgnoscunt,
496 1402 675 1461 excussaque
697 1391 816 1461 pectore
837 1382 908 1441 luno
928 1392 981 1443 est.

131 1469 259 1528 sednon
282 1468 390 1527 idcireo
414 1468 529 1529 llamma
551 1476 638 1545 atque
656 1467 789 1527 incendia
808 1467 883 1526 vires

131 1552 285 1612 indomitas
307 1569 447 1628 posuere;
469 1552 528 1613 udo
551 1552 605 1612 sub
629 1551 737 1611 robore
758 1551 825 1610 vivit

132 1642 237 1713 stuppa
259 1653 378 1695 vomens
401 1636 517 1696 tardum
539 1635 668 1704 sumum,
690 1633 845 1711 lentusque
867 1633 979 1705 carinas

133 1726 175 1778 est
194 1736 298 1795 vapor,
321 1727 349 1778 et
371 1726 431 1777 toto
453 1720 602 1779 descendit
625 1735 750 1796 corpore
768 1717 875 1794 pestis,

132 1818 186 1860 nec
209 1802 286 1861 vires
308 1800 430 1860 heroum
452 1803 605 1879 inlusaqne
626 1800 744 1861 llumina
767 1807 898 1877 prosunt.

132 1891 193 1942 tum
215 1885 280 1960 pius
301 1886 414 1943 Aeneas
433 1886 542 1945 umeris
564 1885 737 1944 abscindere
759 1891 868 1944 vestem

133 1965 297 2042 auxilioque
318 1984 423 2027 vocare
445 1968 515 2028 deos
538 1974 566 2027 et
587 1968 708 2028 tendere
730 1966 855 2044 palmas:

133 2049 278 2127 ‘luppiter
300 2052 496 2126 omnipotens,
519 2052 543 2109 si
565 2051 695 2111 nondum
714 2049 828 2111 exosu's
846 2049 883 2111 ad
902 2067 994 2111 unum

133 2132 290 2203 Troianos,
310 2134 404 2209 siquid
423 2137 516 2211 pietas
538 2136 655 2213 antiqua
676 2134 792 2194 labores

132 2216 249 2293 respicit
271 2216 429 2286 humanos,
453 2219 489 2277 da
511 2217 657 2277 dammam
683 2218 805 2278 eradere
828 2216 913 2277 classi

132 2317 228 2369 nunc,
251 2307 348 2378 pater,
370 2308 398 2360 et
422 2303 516 2361 tenuis
539 2302 685 2362 Teucrum
705 2318 753 2361 res
775 2302 855 2378 eripe
876 2300 949 2370 leto:

133 2382 177 2443 vel
199 2390 231 2442 tu
255 2384 332 2462 quod
354 2393 490 2460 superest
511 2385 616 2445 inlesto
638 2384 757 2445 fulmine
777 2384 877 2451 Morti,

132 2467 157 2525 si
178 2484 310 2536 mereor,
334 2467 453 2529 demitte
474 2476 582 2547 tuaque
603 2469 651 2528 hic
672 2468 765 2529 obrue
785 2466 912 2527 dextra!

133 2551 178 2611 vix
201 2551 274 2612 liaeo
295 2552 440 2622 ediderat,
464 2571 530 2613 cum
550 2553 648 2614 effusis
665 2551 808 2612 imbribus
830 2558 891 2610 atra

132 2640 289 2713 tempestas
310 2637 372 2697 sine
395 2654 477 2698 more
500 2638 583 2705 lurit,
607 2638 774 2713 tonitruque
797 2640 976 2694 tremescunt

132 2718 222 2779 ardua
246 2727 391 2780 terrarum
412 2728 440 2780 et
462 2723 571 2799 campi:
593 2722 652 2781 ruit
666 2720 783 2781 aethere
803 2724 864 2777 toto

132 2800 268 2862 turbidus
285 2802 380 2863 imber
403 2821 477 2880 aqua
501 2805 656 2881 densisque
678 2803 854 2880 nigerrimus
876 2801 997 2868 austris,

132 2882 348 2962 implenturque
369 2903 458 2963 super
479 2902 607 2962 puppes,
630 2893 757 2945 semusta
779 2883 952 2945 madescunt

132 2964 254 3037 robora,
277 2968 432 3027 restinctus
454 2965 547 3027 donec
566 2986 656 3045 vapor
679 2970 771 3027 omnis
791 2976 819 3028 et
839 2984 940 3028 omnes

133 3055 270 3126 quattuor
290 3051 402 3109 amissis
422 3058 553 3111 servatae
573 3070 589 3110 a
612 3058 693 3127 peste
715 3054 839 3113 carinae.

173 3133 209 3190 nt
228 3139 310 3209 pater
332 3132 460 3204 deneas,
485 3151 554 3194 casu
576 3152 735 3195 concussus
754 3135 875 3205 acerbo,

132 3231 210 3274 nunc
231 3213 290 3276 buc
311 3217 451 3292 ingentis,
474 3235 553 3278 nunc
571 3217 638 3278 illuc
660 3227 779 3295 pectore
801 3236 886 3280 curas

132 3298 262 3358 mutabat
283 3316 416 3371 versans,
442 3301 583 3363 Siculisne
604 3301 746 3363 resideret
766 3303 840 3363 arvis

132 3379 239 3442 oblitus
261 3382 401 3454 latorum,
425 3384 548 3446 Italasne
571 3393 735 3463 capesseret
757 3403 831 3445 oras.

132 3471 195 3525 tum
216 3467 313 3526 senior
332 3467 454 3541 Nautes,
476 3487 568 3530 unum
590 3466 719 3529 Tritonia
742 3468 834 3528 Pallas
