2400 3878
391 218 534 267 rrncrm
555 219 680 269 ausum
703 220 743 270 111
1017 213 1077 284 tes

56 377 225 431 consertum
249 380 385 451 tegumen
405 373 510 451 spinis,
536 380 565 433 at
583 381 679 436 cetera
701 374 815 438 Graius,

57 451 100 533 [et
124 454 270 531 quondam
292 458 393 534 patriis
414 456 450 516 ad
471 456 590 517 Troiam
612 459 717 520 missus
737 458 766 519 in
786 460 898 543 armis]
1024 474 1076 531 595

56 539 138 615 isque
161 537 211 597 ubi
233 539 393 600 Dardanios
415 539 530 599 habitus
553 547 582 602 et
602 541 690 602 Troia
712 542 782 602 vidit

56 637 137 680 arma
162 623 281 699 procul,
309 623 429 702 paulum
452 631 571 704 aspectu
592 626 767 686 conterritus
789 626 882 688 haesit

57 704 259 784 continuitque
283 707 422 785 gradum:
446 725 514 767 mox
534 725 598 768 seso
620 709 656 768 ad
675 708 759 769 litora
781 727 923 790 praeceps

57 804 122 847 cum
147 788 216 849 lietu
237 790 433 869 precibusque
454 789 532 851 tuln:
553 801 619 870 ‘per
639 792 734 852 sidera
755 799 861 863 testor,

56 889 110 949 per
134 890 256 949 superos
274 881 360 953 atque
379 874 436 935 hoc
459 874 531 935 caeli
552 875 690 952 spirabile
711 893 837 947 numen,

56 953 146 1015 tollite
168 974 230 1025 me,
253 957 374 1026 Teucri;
398 976 596 1037 quascumque
615 959 750 1020 abducite
763 966 874 1021 terras:

56 1038 113 1098 hoc
129 1046 172 1100 sat
196 1041 258 1100 erit.
303 1043 363 1101 scio
382 1060 428 1101 me
447 1042 552 1102 Danais
575 1061 590 1103 e
610 1041 750 1104 classibus
770 1062 870 1114 uuum,

57 1128 85 1181 et
105 1121 181 1183 bello
203 1122 306 1184 Iliacos
327 1126 419 1185 iateor
442 1127 560 1203 petiisse
580 1132 709 1204 penates.

55 1223 207 1285 proquo,
228 1209 252 1267 si
273 1207 392 1269 sceleris
413 1215 492 1270 tanta
514 1216 556 1269 est
578 1210 683 1270 iniuria
706 1210 811 1278 nostri,

56 1291 182 1367 spargite
206 1309 253 1350 me
273 1292 303 1351 in
327 1291 433 1352 fluctus
454 1299 592 1371 vastoque
614 1294 767 1370 inmergite
786 1300 885 1371 ponto.

56 1373 80 1431 si
102 1390 208 1448 pereo,
234 1374 385 1434 hominum
406 1376 540 1436 manibus
557 1377 678 1454 periisse
696 1375 825 1437 iuvabit!

56 1455 182 1525 dixerat,
209 1463 237 1517 et
260 1474 354 1532 genua
377 1457 527 1534 amplexus
549 1458 731 1538 genibusque
750 1458 881 1519 volutans

56 1537 204 1599 haerebat.
251 1540 300 1618 qui
322 1540 444 1608 sitiam,
468 1558 526 1618 quo
548 1541 688 1617 sanguine
709 1549 821 1610 cretus,

56 1621 223 1690 hortamur,
248 1640 322 1703 quae
344 1622 448 1684 deinde
468 1624 556 1699 agitet
574 1624 690 1684 fortuna
712 1623 804 1684 lateri.

56 1712 117 1783 lpse
138 1713 221 1784 pater
243 1707 373 1768 dextram
399 1706 540 1767 Anchises
561 1707 632 1768 haut
652 1707 742 1769 multa
761 1713 893 1770 moratus

56 1789 105 1848 dat
125 1790 240 1860 iuveni,
257 1797 343 1869 atque
365 1791 493 1850 animum
515 1791 662 1868 praesenti
681 1793 804 1870 pignore
826 1792 930 1853 firmat

58 1871 105 1932 ille
123 1873 196 1933 haec
218 1875 346 1951 deposita
367 1874 483 1934 tandem
504 1873 659 1935 formidine
676 1874 769 1935 latur:

54 1966 136 2016 *sum
158 1959 253 2034 patria
276 1977 310 2018 ex
334 1957 446 2027 Ithaca,
473 1975 572 2017 comes
591 1956 714 2017 infelicis
733 1957 820 2028 Ulixi,

55 2041 171 2101 nomine
194 2040 436 2112 Achaemenides,
458 2040 576 2101 Troiam
598 2041 728 2119 genitore
752 2042 907 2102 Adamasto

56 2138 183 2200 paupere
207 2124 426 2203 (mansissetque
447 2125 557 2185 utinam
580 2124 720 2205 fortunat)
741 2125 899 2204 proiectus.

54 2206 183 2277 hicme,
203 2207 275 2268 dum
292 2209 397 2287 trepidi
418 2206 546 2269 crudelia
569 2207 667 2268 limina
685 2207 811 2277 lincunt,

54 2291 229 2352 inmemores
253 2292 323 2352 socii
343 2301 422 2351 vasto
444 2291 576 2370 Cyclopis
597 2293 626 2351 in
645 2298 729 2352 antro

55 2372 222 2435 deseruere.
269 2373 372 2434 domus
394 2376 474 2435 sanie
495 2375 675 2453 dapibusque
698 2378 825 2436 cruentis

54 2456 132 2515 intus
151 2473 241 2533 opaca
266 2457 376 2533 ingens.
419 2459 482 2534 ipse
506 2458 616 2517 arduus
636 2456 750 2536 altaque
772 2458 868 2537 pulsat

55 2537 150 2598 sidera
173 2537 213 2613 (di
238 2537 325 2598 talem
347 2539 433 2598 terris
455 2541 574 2598 avertite
592 2540 726 2617 pestem!)

54 2638 109 2680 nec
132 2623 195 2682 visu
220 2619 311 2680 facilis
330 2639 384 2681 neo
405 2621 484 2681 dictu
504 2619 624 2679 allabilis
646 2619 705 2680 ulli.

55 2704 214 2766 visceribus
237 2705 411 2764 miserorum
433 2709 461 2764 et
481 2704 621 2780 sanguine
641 2705 767 2777 vescitur
789 2713 862 2765 atro.

55 2789 111 2849 vidi
133 2794 249 2865 egomet
272 2786 330 2848 duo
352 2786 388 2847 de
410 2804 533 2847 numero
553 2804 619 2845 cum
642 2804 766 2866 corpora
785 2795 886 2849 nostro

56 2887 162 2949 prensa
182 2889 270 2932 manu
295 2888 399 2949 magna
419 2869 516 2930 medio
536 2871 691 2947 resupinus
715 2873 745 2931 in
768 2878 852 2933 antro
927 2873 928 2876 ’

56 2953 203 3033 frangeret
223 2955 261 3015 ad
284 2972 386 3014 saxum
408 2955 545 3032 sanieque
563 2973 687 3034 expersa
706 2961 840 3017 natarent

55 3036 166 3108 limina,
191 3039 248 3099 vidi
272 3045 335 3098 atro
358 3055 425 3098 cum
447 3036 579 3098 membra
601 3037 720 3099 liuentia
742 3039 810 3099 tab'o

55 3121 207 3182 manderet
229 3129 257 3182 et
280 3121 370 3198 tepidi
390 3128 550 3182 tremerent
572 3120 627 3181 sub
650 3121 784 3184 dentibus
806 3131 896 3183 artus.

56 3202 125 3264 haut
143 3205 251 3283 inpune
274 3204 406 3282 quidem;
429 3223 484 3266 nec
503 3203 569 3264 talia
589 3221 692 3280 passus
715 3205 810 3267 Ulixes

56 3285 196 3348 oblitusve
216 3288 288 3349 suist
309 3287 424 3347 Ithacus
438 3288 605 3348 discrimine
624 3293 713 3347 tanto.

55 3387 123 3428 nam
146 3370 231 3431 simul
253 3369 386 3448 expletus
411 3371 533 3450 dapibus
555 3371 679 3449 vinoque
700 3371 831 3450 sepultus

57 3454 199 3514 cervicem
215 3452 352 3513 inllexam
373 3456 469 3532 posuit
488 3454 633 3533 iacuitque
655 3471 709 3533 per
730 3463 844 3517 antrum
877 3454 883 3466 ’

108 3567 237 3604 araneos.
259 3566 373 3603 veron„
841 3551 860 3611 0
