2400 3878
133 240 195 303 278
468 253 611 300 vnnonn
629 252 753 300 tunnis
769 253 806 299 rx

134 407 263 469 fulminis
281 415 344 468 acta
362 408 459 475 modo,
483 426 570 485 quam
593 425 647 467 nec
671 408 728 467 duo
751 416 851 466 taurea
870 415 950 484 terga

133 510 189 553 uec
211 491 319 569 duplici
339 510 459 571 squama
482 492 570 551 lorica
594 491 686 550 fidelis
707 503 735 551 et
756 510 828 550 auro

133 578 283 636 sustinuit:
305 575 440 653 conlapsa
463 584 553 636 ruunt
574 577 710 634 innnania
729 575 871 634 membra.

134 660 183 720 dat
201 659 287 720 tellus
308 662 457 736 gemitum.
482 668 510 719 et
533 658 658 737 clipeum
676 678 765 735 super
788 663 899 719 intonat
920 660 1031 736 ingens.

133 743 199 804 talis
220 744 250 803 in
269 743 399 804 Euboico
423 745 560 804 Baiarum
586 743 670 803 litore
691 745 840 820 quondam

134 846 220 887 saxea
242 826 299 904 pila
322 829 408 893 cadit,
431 830 544 904 magnis
565 846 652 905 quam
675 827 800 886 molibus
820 836 885 887 ante

134 920 331 973 constructam
353 924 443 990 ponto
463 913 589 977 iaciunt:
612 913 655 971 sic
676 911 723 970 illa
746 914 860 970 ruinam

132 1013 226 1074 prona
250 995 339 1063 trahit
355 999 531 1075 penitusque
554 995 632 1054 vadis
654 995 735 1054 inlisa
754 995 913 1055 recumbit:

134 1082 258 1139 miscent
279 1096 311 1139 se
332 1081 433 1147 maria,
455 1089 483 1140 et
504 1081 605 1155 nigrae
627 1079 797 1139 attolluntur
819 1079 963 1149 barenae;

134 1172 196 1223 tum
218 1163 315 1222 souitu
336 1162 482 1242 Prochyta
501 1163 558 1222 alta
581 1165 677 1221 tremit
699 1164 865 1240 durumque
888 1162 984 1224 cubile

133 1246 260 1308 Inarime
279 1247 354 1306 lovis
375 1248 504 1323 imperiis
525 1248 639 1323 inposta
662 1247 810 1325 Typhoeo.
931 1278 981 1299 x-

176 1331 231 1391 llic
251 1329 328 1390 blars
348 1333 527 1408 armipotens
546 1333 676 1391 animum
699 1332 834 1409 viresque
853 1330 961 1390 Latinis

135 1414 244 1475 addidit
266 1425 294 1474 ct
318 1414 449 1474 stimulos
468 1416 544 1475 acris
567 1415 621 1475 sub
644 1426 763 1493 pectore
786 1416 870 1474 vertit

133 1500 303 1575 inmisitque
328 1499 439 1576 Fugam
459 1498 581 1560 Teucris
603 1509 759 1576 atrumque
780 1499 939 1558 Timorem.

134 1583 265 1661 undique
283 1585 467 1654 conveniunt,
489 1585 627 1662 quoniam
649 1584 714 1643 data
737 1583 820 1662 copia
843 1598 959 1659 pugnae

134 1666 318 1745 bellatorque
336 1669 433 1728 animo
456 1668 528 1728 deus
549 1667 658 1727 incidit.
874 1740 876 1745 Ι

133 1750 284 1810 Pandarus
306 1761 339 1810 ut
360 1752 425 1811 luso
451 1770 623 1828 germanum
646 1768 771 1829 corpore
795 1753 888 1811 cernit

135 1843 163 1895 et
185 1851 243 1911 quo
266 1835 304 1893 sit
325 1835 442 1894 fortuna
464 1834 538 1903 loco,
562 1836 611 1912 qui
632 1851 716 1892 casus
737 1845 804 1908 agat
823 1852 881 1902 res,

134 1927 249 1997 portam
271 1917 297 1976 vi
318 1934 423 1993 magna
443 1934 585 1977 converso
609 1916 728 1975 cardine
750 1924 876 1994 torquet,

135 2001 259 2061 obnixus
280 1998 345 2061 latis
364 2001 483 2069 umeris,
506 1998 673 2076 multosque
696 2017 817 2059 suorum

134 2084 288 2144 moenibus
311 2083 446 2144 exclusos
467 2084 542 2146 duro
563 2085 592 2144 in
615 2084 772 2144 certamine
792 2083 910 2164 linquit;

135 2176 179 2229 aet
197 2168 268 2227 alios
289 2186 389 2228 secum
412 2167 536 2229 includit
556 2167 718 2244 recipitque
736 2170 857 2239 ruentis,

135 2253 265 2320 demens,
289 2253 340 2330 qui
361 2251 500 2312 Rutulum
523 2252 553 2311 in
574 2252 669 2311 medio
691 2269 750 2311 uon
774 2254 889 2330 agmine
910 2270 1010 2330 regem

135 2335 238 2395 viderit
258 2336 475 2412 imumpentem
497 2334 633 2414 ultroque
654 2336 805 2397 incluserit
825 2337 902 2408 urbi,

134 2420 291 2480 immanem
313 2418 400 2480 reluti
422 2437 530 2498 pecora
552 2421 629 2480 inter
650 2420 755 2481 inertia
776 2422 884 2496 tigrim.

136 2506 273 2565 continuo
295 2521 368 2564 nova
389 2503 440 2563 lux
462 2503 554 2565 oculis
576 2502 689 2575 eiiulsit,
714 2512 743 2565 et
764 2522 845 2566 arma

134 2587 316 2648 horrendum
334 2605 476 2657 sonuere;
499 2598 629 2648 tremunt
650 2590 680 2648 in
701 2591 810 2648 vertice
832 2588 936 2648 cristae

135 2673 320 2748 sanguineae,
344 2671 497 2749 clipeoque
515 2673 652 2732 micantia
672 2671 792 2732 fulmina
814 2672 917 2731 mittit:

135 2756 318 2831 adgnoscunt
336 2755 440 2816 faciem
459 2758 579 2816 invisam
601 2766 688 2834 atque
709 2756 846 2816 immania
865 2753 997 2813 membra

135 2839 244 2898 tmbati
266 2838 363 2899 subito
385 2840 548 2900 Aeneadae.
584 2847 645 2900 tum
665 2841 815 2899 Pandarus
836 2840 940 2914 ingens

136 2923 240 2983 emicat
261 2931 290 2983 et
310 2925 414 2982 mortis
435 2923 582 2984 fraternae
600 2923 729 2983 fervidus
749 2924 793 2981 ira

137 3007 259 3066 ellatur:
281 3014 354 3066 ‘non
375 3008 449 3068 haec
471 3007 574 3068 dotalis
595 3008 676 3081 regia
697 3007 825 3071 Amatae,

135 3107 190 3150 nec
213 3091 305 3150 muris
324 3091 442 3151 collibet
464 3093 565 3169 patriis
586 3089 680 3148 media
701 3088 796 3147 Ardea
819 3087 961 3147 Turnum.

136 3181 231 3234 castra
249 3175 366 3235 inimica
388 3175 483 3243 vides:
502 3173 580 3234 nulla
600 3171 670 3232 hinc
692 3172 771 3231 exire
791 3168 937 3248 potestas.¹

137 3257 185 3318 olli
207 3257 362 3318 subridens
384 3260 484 3318 sedato
504 3269 624 3334 pectore
645 3254 763 3314 Turnus

138 3343 259 3419 ‘incipe
282 3345 366 3421 alqua
388 3345 485 3402 animo
505 3342 605 3408 nutus,
628 3347 657 3398 et
678 3356 800 3398 consere
824 3339 974 3399 dextram:

136 3424 185 3485 bic
207 3429 292 3485 etiam
314 3428 462 3487 inventum
485 3424 601 3484 Priamo
623 3422 756 3483 narrabis
772 3423 934 3484 Achillem!

137 3509 258 3570 dixerat.
293 3509 341 3570 ille
361 3509 467 3569 rudem
487 3510 572 3569 nodis
594 3517 623 3570 et
645 3512 754 3570 cortice
773 3508 865 3569 crudo
