2400 3878
133 210 191 270 tao
464 217 608 267 vnnurm
631 217 756 265 annum
779 219 804 264 11

129 393 187 455 quo
210 392 401 453 roseumque
424 374 542 447 cadent,
565 389 656 432 unum
679 379 707 432 et
729 389 884 434 commune
906 370 1060 449 periclum,

128 474 186 520 una
205 459 283 519 salus
304 457 448 518 ambobus
471 459 536 518 erit.
581 455 652 515 mihi
673 472 778 532 parvos
796 453 875 516 Iulus
1094 466 1151 521 710

128 543 165 604 sit
183 557 296 610 comes,
320 549 348 601 et
365 538 453 617 longe
475 547 570 601 servet
591 539 711 616 vestigia
732 540 868 599 coniunx.

128 643 193 695 vos,
216 623 331 693 famuli,
354 642 428 702 quae
452 625 545 685 dicam
569 623 671 682 animis
693 621 833 683 advertite
854 625 966 684 vestris.

129 717 173 770 est
193 707 269 770 urbe
291 709 417 785 egressis
439 706 568 768 tumulus
588 704 788 784 templumque
810 714 954 767 vetustum

128 793 262 854 desertae
284 790 399 852 Cereris
420 792 557 870 iuxtaque
577 790 694 867 antiqua
714 807 870 867 cupressus

128 875 269 953 religione
287 883 404 953 patrum
423 873 531 935 multos
549 881 662 934 servata
683 891 737 950 per
756 890 864 934 annos:
1095 883 1150 941 715

130 960 209 1044 bane
227 977 262 1019 ex
284 958 398 1019 diverso
421 959 519 1019 sedem
539 959 690 1019 veniemus
711 958 741 1017 in
762 974 860 1018 unam.

130 1051 175 1114 tu,
201 1044 330 1122 genitor,
353 1058 425 1118 cape
448 1060 531 1102 sacra
554 1058 642 1102 manu
661 1041 829 1119 patriosque
849 1042 976 1119 penatis;

130 1145 190 1197 me,
214 1125 291 1187 bello
313 1144 329 1186 e
350 1133 430 1185 tanto
449 1126 612 1204 digressum
632 1132 660 1186 et
683 1124 772 1185 caede
793 1125 919 1195 recenti,

128 1217 284 1270 attrectare
302 1208 399 1278 nefas,
421 1209 515 1269 donec
537 1228 585 1269 me
607 1208 726 1269 flumine
746 1208 809 1268 vivo

129 1292 275 1355 abluero’

129 1378 201 1438 haec
223 1378 298 1438 latus
319 1375 393 1438 latos
414 1394 532 1439 umeros
552 1375 740 1454 subiectaque
762 1374 835 1437 eolla

129 1469 208 1522 veste
227 1479 316 1539 super
341 1461 468 1540 fulvique
489 1462 636 1521 insternor
658 1459 734 1537 pelle
754 1459 861 1529 leonis,

128 1545 313 1624 succedoque
337 1547 433 1615 oneri;
456 1545 577 1607 dextrae
600 1562 631 1605 se
652 1561 757 1621 parvos
779 1542 858 1604 lulus

129 1627 259 1706 inplicuit
280 1631 470 1709 sequiturque
491 1637 604 1707 patrem
625 1645 686 1687 non
709 1626 842 1705 passibus
860 1629 976 1706 aequis;

131 1728 205 1795 pone
225 1712 303 1773 subit
326 1715 461 1773 coniunx.
505 1713 627 1773 ferimur
650 1729 704 1789 per
725 1729 816 1788 opaca
836 1709 983 1781 locorum;
1095 1722 1151 1780 '125

129 1802 240 1864 etms,
263 1814 351 1874 quem
374 1797 484 1857 dudum
505 1793 643 1855 nonulla
666 1794 770 1855 iniecta
792 1795 948 1856 movebant

130 1878 184 1941 tela
206 1897 303 1957 neque
325 1880 446 1940 adverso
469 1879 621 1955 glomerati
645 1897 680 1938 ex
701 1879 816 1954 agmine
838 1880 920 1950 Grai,

128 1980 207 2024 nune
228 1981 330 2025 omnes
352 1969 465 2023 terrent
487 1981 590 2030 aurae,
611 1979 700 2022 sonus
723 1963 828 2023 excitat
851 1964 944 2024 omnis

128 2063 302 2124 suspensum
324 2056 352 2108 et
371 2048 481 2126 pariter
503 2046 660 2122 comitique
679 2048 820 2123 onerique
841 2048 1001 2109 timentem.

128 2131 243 2208 iamque
264 2130 498 2209 propinquabam
515 2132 608 2208 portis
629 2147 804 2208 omnemque
824 2130 943 2192 videbar
1095 2141 1152 2196 ⁷80

129 2215 252 2275 evasisse
273 2216 362 2284 viam,
386 2213 482 2274 subito
504 2233 570 2275 cum
593 2213 697 2275 creber
717 2214 753 2273 ad
772 2215 850 2275 auris

127 2298 206 2358 visus
223 2297 325 2359 adesse
346 2298 454 2376 pedum
477 2301 604 2367 sonitus,
628 2299 801 2375 genitorque
822 2316 875 2376 per
896 2298 1032 2360 umbram

128 2382 308 2459 prospiciens
331 2381 427 2442 ‘nate'
450 2381 605 2451 exclamat,
629 2383 727 2460 ‘iuge
750 2389 831 2451 nate:
853 2382 1062 2462 propinquant.

129 2464 257 2526 ardentis
276 2465 385 2543 clipeos
407 2474 494 2545 atque
513 2484 580 2527 aera
602 2466 737 2526 micantia
760 2467 875 2527 cerno'

130 2550 176 2609 cie
194 2549 264 2610 mihi
289 2550 484 2630 nescioquod
507 2550 622 2627 trepido
644 2547 719 2610 male
742 2567 851 2612 numen
872 2551 997 2612 amicum
1095 2563 1153 2619 735

129 2633 279 2693 coninsam
301 2634 409 2713 eripuit
429 2641 567 2696 mentem.
612 2650 738 2711 namque
761 2636 822 2695 avia
845 2650 933 2696 cursu

128 2716 198 2777 dum
216 2735 323 2795 sequor
346 2725 374 2778 et
395 2726 463 2778 nota
489 2718 598 2779 excedo
619 2718 739 2794 regione
762 2719 888 2788 viarum,

128 2798 186 2860 heu
204 2801 312 2860 misero
333 2803 460 2861 coniunx
482 2803 539 2861 lato
561 2802 599 2860 mi
623 2809 722 2878 erepta
744 2801 860 2862 Creusa.

129 2881 255 2942 substitit
278 2885 422 2944 erravitne
443 2885 487 2944 via
509 2902 561 2945 seu
583 2883 658 2944 lassa
680 2885 788 2945 resedit

128 2966 286 3026 incertum:
310 2984 364 3026 nec
386 2974 451 3044 post
473 2966 564 3027 oculis
587 2976 631 3027 est
649 2967 761 3028 reddita
783 2970 904 3035 nostris,
1095 2981 1155 3037 ’140

128 3066 183 3109 nec
203 3050 285 3127 prins
307 3050 441 3109 amissam
462 3053 578 3128 respexi
600 3052 764 3112 animumve
785 3051 899 3119 reflexi,

129 3150 215 3209 quam
235 3132 379 3193 tumulum
399 3136 534 3212 antiquae
555 3135 668 3195 Cereris
689 3134 848 3213 sedemque
866 3143 1009 3197 sacratam

129 3217 274 3284 venimus;
296 3216 344 3277 bic
367 3217 485 3278 demum
508 3218 635 3280 collectis
656 3218 791 3279 omnibus
809 3237 866 3279 una

129 3299 219 3360 deluit
238 3307 267 3360 et
289 3302 410 3362 comites
430 3310 589 3379 natumque
612 3303 764 3379 virumque
784 3301 893 3363 ieiellit.

129 3401 216 3460 quem
234 3401 294 3444 non
313 3385 442 3446 incusavi
464 3403 564 3447 amens
588 3386 797 3465 hominumque
820 3387 1018 3466 deorumque,
1094 3400 1152 3460 745

130 3476 177 3526 sut
200 3468 268 3545 quid
289 3468 318 3528 in
339 3487 438 3530 eversa
458 3467 515 3531 vidi
536 3467 683 3532 crudelius
704 3470 795 3531 urbei
