<?xml version="1.0" encoding="UTF-8"?>
<!DOCTYPE html PUBLIC "-//W3C//DTD XHTML 1.0 Transitional//EN"
    "http://www.w3.org/TR/xhtml1/DTD/xhtml1-transitional.dtd">
<html xmlns="http://www.w3.org/1999/xhtml" xml:lang="en" lang="en">
 <head>
  <title>
</title>
<meta http-equiv="Content-Type" content="text/html;charset=utf-8" />
  <meta name='ocr-system' content='tesseract 3.04.00' />
  <meta name='ocr-capabilities' content='ocr_page ocr_carea ocr_par ocr_line ocrx_word'/>
</head>
<body>
  <div class='ocr_page' id='page_1' title='image "./operainusumscho00virggoog_0141.png"; bbox 0 0 2400 3878; ppageno 0'>
   <div class='ocr_carea' id='block_1_1' title="bbox 416 224 740 274">
    <p class='ocr_par' dir='ltr' id='par_1_1' title="bbox 416 224 740 274">
     <span class='ocr_line' id='line_1_1' title="bbox 416 224 740 274; baseline 0 -2"><span class='ocrx_word' id='word_1_1' title='bbox 416 224 559 272; x_wconf 72' lang='lat' dir='ltr'><strong>vanem</strong></span> <span class='ocrx_word' id='word_1_2' title='bbox 581 225 706 274; x_wconf 74' lang='lat' dir='ltr'><strong>Annius</strong></span> <span class='ocrx_word' id='word_1_3' title='bbox 728 226 740 272; x_wconf 94' lang='lat' dir='ltr'><strong>l</strong></span> 
     </span>
    </p>
   </div>
   <div class='ocr_carea' id='block_1_2' title="bbox 69 377 925 3544">
    <p class='ocr_par' dir='ltr' id='par_1_2' title="bbox 72 377 870 690">
     <span class='ocr_line' id='line_1_2' title="bbox 76 377 785 457; baseline -0.007 -12"><span class='ocrx_word' id='word_1_4' title='bbox 76 391 108 445; x_wconf 88' lang='lat' dir='ltr'><strong>at</strong></span> <span class='ocrx_word' id='word_1_5' title='bbox 123 381 196 441; x_wconf 78' lang='lat' dir='ltr'><strong>licta</strong></span> <span class='ocrx_word' id='word_1_6' title='bbox 219 379 349 440; x_wconf 79' lang='lat' dir='ltr'>Sicaniae</span> <span class='ocrx_word' id='word_1_7' title='bbox 370 377 472 439; x_wconf 89' lang='lat' dir='ltr'><strong>saltem</strong></span> <span class='ocrx_word' id='word_1_8' title='bbox 493 377 636 457; x_wconf 91' lang='lat' dir='ltr'><strong>sedesque</strong></span> <span class='ocrx_word' id='word_1_9' title='bbox 654 389 785 456; x_wconf 89' lang='lat' dir='ltr'><strong>paratas,</strong></span> 
     </span>
     <span class='ocr_line' id='line_1_3' title="bbox 72 462 870 541; baseline 0 -17"><span class='ocrx_word' id='word_1_10' title='bbox 72 464 151 525; x_wconf 91' lang='lat' dir='ltr'><strong>undo</strong></span> <span class='ocrx_word' id='word_1_11' title='bbox 170 462 228 524; x_wconf 90' lang='lat' dir='ltr'><strong>huc</strong></span> <span class='ocrx_word' id='word_1_12' title='bbox 248 463 373 533; x_wconf 86' lang='lat' dir='ltr'><strong>advecti,</strong></span> <span class='ocrx_word' id='word_1_13' title='bbox 392 480 552 541; x_wconf 80' lang='lat' dir='ltr'><strong>regemque</strong></span> <span class='ocrx_word' id='word_1_14' title='bbox 573 469 706 540; x_wconf 89' lang='lat' dir='ltr'><strong>petamus</strong></span> <span class='ocrx_word' id='word_1_15' title='bbox 724 464 870 526; x_wconf 77' lang='lat' dir='ltr'><strong>Acesten·</strong></span> 
     </span>
     <span class='ocr_line' id='line_1_4' title="bbox 72 545 829 615; baseline -0.001 -8"><span class='ocrx_word' id='word_1_16' title='bbox 72 547 178 607; x_wconf 90' lang='lat' dir='ltr'><strong>talibus</strong></span> <span class='ocrx_word' id='word_1_17' title='bbox 199 545 326 607; x_wconf 91' lang='lat' dir='ltr'><strong>Ilioneus</strong></span> <span class='ocrx_word' id='word_1_18' title='bbox 333 565 341 615; x_wconf 92' lang='lat'>;</span> <span class='ocrx_word' id='word_1_19' title='bbox 365 547 461 607; x_wconf 90' lang='lat' dir='ltr'><strong>cuncti</strong></span> <span class='ocrx_word' id='word_1_20' title='bbox 482 545 568 608; x_wconf 89' lang='lat' dir='ltr'><strong>simul</strong></span> <span class='ocrx_word' id='word_1_21' title='bbox 591 563 643 607; x_wconf 92' lang='lat' dir='ltr'><strong>ore</strong></span> <span class='ocrx_word' id='word_1_22' title='bbox 665 546 829 608; x_wconf 80' lang='lat' dir='ltr'><strong>fremebant</strong></span> 
     </span>
     <span class='ocr_line' id='line_1_5' title="bbox 73 630 265 690; baseline 0 0"><span class='ocrx_word' id='word_1_23' title='bbox 73 630 265 690; x_wconf 72' lang='lat' dir='ltr'><strong>Dardanidae.</strong></span> 
     </span>
    </p>

    <p class='ocr_par' dir='ltr' id='par_1_3' title="bbox 70 712 925 2210">
     <span class='ocr_line' id='line_1_6' title="bbox 114 712 878 791; baseline 0.007 -19"><span class='ocrx_word' id='word_1_24' title='bbox 114 714 189 774; x_wconf 93' lang='lat' dir='ltr'><strong>Tum</strong></span> <span class='ocrx_word' id='word_1_25' title='bbox 210 712 337 775; x_wconf 82' lang='lat' dir='ltr'><strong>breviter</strong></span> <span class='ocrx_word' id='word_1_26' title='bbox 355 713 428 774; x_wconf 83' lang='lat' dir='ltr'><strong>llido</strong></span> <span class='ocrx_word' id='word_1_27' title='bbox 450 712 560 773; x_wconf 82' lang='lat' dir='ltr'><strong>voltum</strong></span> <span class='ocrx_word' id='word_1_28' title='bbox 583 713 708 774; x_wconf 93' lang='lat' dir='ltr'><strong>demissa</strong></span> <span class='ocrx_word' id='word_1_29' title='bbox 729 714 878 791; x_wconf 87' lang='lat' dir='ltr'><strong>prolatur:</strong></span> 
     </span>
     <span class='ocr_line' id='line_1_7' title="bbox 73 795 862 866; baseline 0.006 -10"><span class='ocrx_word' id='word_1_30' title='bbox 73 796 188 857; x_wconf 83' lang='lat' dir='ltr'><strong>‘solvite</strong></span> <span class='ocrx_word' id='word_1_31' title='bbox 210 797 299 858; x_wconf 92' lang='lat' dir='ltr'><strong>corde</strong></span> <span class='ocrx_word' id='word_1_32' title='bbox 321 804 447 866; x_wconf 89' lang='lat' dir='ltr'><strong>metum,</strong></span> <span class='ocrx_word' id='word_1_33' title='bbox 466 795 587 866; x_wconf 84' lang='lat' dir='ltr'><strong>Teucri,</strong></span> <span class='ocrx_word' id='word_1_34' title='bbox 610 795 751 858; x_wconf 84' lang='lat' dir='ltr'><strong>secludite</strong></span> <span class='ocrx_word' id='word_1_35' title='bbox 768 816 862 861; x_wconf 86' lang='lat' dir='ltr'><strong>curas.</strong></span> 
     </span>
     <span class='ocr_line' id='line_1_8' title="bbox 72 879 780 959; baseline 0.001 -19"><span class='ocrx_word' id='word_1_36' title='bbox 72 899 120 941; x_wconf 86' lang='lat' dir='ltr'><strong>res</strong></span> <span class='ocrx_word' id='word_1_37' title='bbox 143 881 215 942; x_wconf 87' lang='lat' dir='ltr'><strong>dura</strong></span> <span class='ocrx_word' id='word_1_38' title='bbox 237 888 266 940; x_wconf 84' lang='lat' dir='ltr'><strong>et</strong></span> <span class='ocrx_word' id='word_1_39' title='bbox 282 882 367 958; x_wconf 92' lang='lat' dir='ltr'><strong>regni</strong></span> <span class='ocrx_word' id='word_1_40' title='bbox 386 881 498 942; x_wconf 83' lang='lat' dir='ltr'><strong>novitas</strong></span> <span class='ocrx_word' id='word_1_41' title='bbox 515 897 564 942; x_wconf 89' lang='lat' dir='ltr'><strong>me</strong></span> <span class='ocrx_word' id='word_1_42' title='bbox 583 879 651 942; x_wconf 87' lang='lat' dir='ltr'><strong>talia</strong></span> <span class='ocrx_word' id='word_1_43' title='bbox 672 889 780 959; x_wconf 90' lang='lat' dir='ltr'><strong>cogunt</strong></span> 
     </span>
     <span class='ocr_line' id='line_1_9' title="bbox 71 962 621 1027; baseline 0.002 -4"><span class='ocrx_word' id='word_1_44' title='bbox 71 963 167 1024; x_wconf 89' lang='lat' dir='ltr'><strong>moliri</strong></span> <span class='ocrx_word' id='word_1_45' title='bbox 187 972 216 1025; x_wconf 90' lang='lat' dir='ltr'><strong>et</strong></span> <span class='ocrx_word' id='word_1_46' title='bbox 231 962 289 1025; x_wconf 92' lang='lat' dir='ltr'><strong>late</strong></span> <span class='ocrx_word' id='word_1_47' title='bbox 310 965 375 1025; x_wconf 86' lang='lat' dir='ltr'><strong>linis</strong></span> <span class='ocrx_word' id='word_1_48' title='bbox 393 964 514 1027; x_wconf 88' lang='lat' dir='ltr'><strong>custode</strong></span> <span class='ocrx_word' id='word_1_49' title='bbox 534 965 621 1025; x_wconf 90' lang='lat' dir='ltr'><strong>tueri.</strong></span> 
     </span>
     <span class='ocr_line' id='line_1_10' title="bbox 72 1047 925 1126; baseline 0.005 -20"><span class='ocrx_word' id='word_1_50' title='bbox 72 1049 136 1126; x_wconf 87' lang='lat' dir='ltr'><strong>quis</strong></span> <span class='ocrx_word' id='word_1_51' title='bbox 157 1065 250 1124; x_wconf 91' lang='lat' dir='ltr'><strong>genus</strong></span> <span class='ocrx_word' id='word_1_52' title='bbox 272 1048 457 1118; x_wconf 74' lang='lat' dir='ltr'><strong>Aeneadum,</strong></span> <span class='ocrx_word' id='word_1_53' title='bbox 480 1049 546 1126; x_wconf 93' lang='lat' dir='ltr'><strong>quis</strong></span> <span class='ocrx_word' id='word_1_54' title='bbox 568 1047 673 1110; x_wconf 86' lang='lat' dir='ltr'><strong>Troiae</strong></span> <span class='ocrx_word' id='word_1_55' title='bbox 694 1050 806 1110; x_wconf 88' lang='lat' dir='ltr'><strong>nesciat</strong></span> <span class='ocrx_word' id='word_1_56' title='bbox 822 1048 925 1110; x_wconf 89' lang='lat' dir='ltr'><strong>urbem</strong></span> 
     </span>
     <span class='ocr_line' id='line_1_11' title="bbox 71 1132 828 1212; baseline 0.005 -23"><span class='ocrx_word' id='word_1_57' title='bbox 71 1133 250 1210; x_wconf 82' lang='lat' dir='ltr'><strong>virtutesque</strong></span> <span class='ocrx_word' id='word_1_58' title='bbox 267 1133 402 1212; x_wconf 89' lang='lat' dir='ltr'><strong>virosque</strong></span> <span class='ocrx_word' id='word_1_59' title='bbox 422 1139 472 1193; x_wconf 87' lang='lat' dir='ltr'><strong>aut</strong></span> <span class='ocrx_word' id='word_1_60' title='bbox 493 1132 565 1192; x_wconf 89' lang='lat' dir='ltr'><strong>tanti</strong></span> <span class='ocrx_word' id='word_1_61' title='bbox 589 1133 722 1194; x_wconf 88' lang='lat' dir='ltr'><strong>incendia</strong></span> <span class='ocrx_word' id='word_1_62' title='bbox 741 1132 828 1194; x_wconf 83' lang='lat' dir='ltr'><strong>bellii</strong></span> 
     </span>
     <span class='ocr_line' id='line_1_12' title="bbox 71 1215 784 1294; baseline 0 -17"><span class='ocrx_word' id='word_1_63' title='bbox 71 1231 130 1277; x_wconf 87' lang='lat' dir='ltr'><strong>non</strong></span> <span class='ocrx_word' id='word_1_64' title='bbox 153 1215 257 1276; x_wconf 89' lang='lat' dir='ltr'><strong>obtusa</strong></span> <span class='ocrx_word' id='word_1_65' title='bbox 277 1215 350 1276; x_wconf 93' lang='lat' dir='ltr'><strong>adeo</strong></span> <span class='ocrx_word' id='word_1_66' title='bbox 372 1223 520 1294; x_wconf 83' lang='lat' dir='ltr'><strong>gestamus</strong></span> <span class='ocrx_word' id='word_1_67' title='bbox 540 1223 661 1294; x_wconf 86' lang='lat' dir='ltr'><strong>pectora</strong></span> <span class='ocrx_word' id='word_1_68' title='bbox 679 1217 784 1288; x_wconf 89' lang='lat' dir='ltr'><strong>Poeni,</strong></span> 
     </span>
     <span class='ocr_line' id='line_1_13' title="bbox 72 1299 916 1378; baseline -0.001 -17"><span class='ocrx_word' id='word_1_69' title='bbox 72 1307 203 1361; x_wconf 87' lang='lat' dir='ltr'><strong>nectam</strong></span> <span class='ocrx_word' id='word_1_70' title='bbox 229 1317 349 1359; x_wconf 83' lang='lat' dir='ltr'><strong>aversus</strong></span> <span class='ocrx_word' id='word_1_71' title='bbox 368 1318 459 1378; x_wconf 91' lang='lat' dir='ltr'><strong>equos</strong></span> <span class='ocrx_word' id='word_1_72' title='bbox 480 1299 568 1378; x_wconf 78' lang='lat' dir='ltr'><strong>Tyria</strong></span> <span class='ocrx_word' id='word_1_73' title='bbox 588 1299 639 1360; x_wconf 90' lang='lat' dir='ltr'><strong>Sol</strong></span> <span class='ocrx_word' id='word_1_74' title='bbox 658 1302 753 1378; x_wconf 89' lang='lat' dir='ltr'><strong>iungit</strong></span> <span class='ocrx_word' id='word_1_75' title='bbox 774 1300 810 1361; x_wconf 91' lang='lat' dir='ltr'><strong>ab</strong></span> <span class='ocrx_word' id='word_1_76' title='bbox 832 1300 916 1362; x_wconf 92' lang='lat' dir='ltr'><strong>urbe.</strong></span> 
     </span>
     <span class='ocr_line' id='line_1_14' title="bbox 73 1381 854 1462; baseline 0.006 -22"><span class='ocrx_word' id='word_1_77' title='bbox 73 1398 124 1441; x_wconf 88' lang='lat' dir='ltr'><strong>seu</strong></span> <span class='ocrx_word' id='word_1_78' title='bbox 145 1399 197 1440; x_wconf 90' lang='lat' dir='ltr'><strong>vos</strong></span> <span class='ocrx_word' id='word_1_79' title='bbox 219 1381 389 1461; x_wconf 88' lang='lat' dir='ltr'><strong>Hesperiam</strong></span> <span class='ocrx_word' id='word_1_80' title='bbox 411 1401 546 1460; x_wconf 93' lang='lat' dir='ltr'><strong>magnam</strong></span> <span class='ocrx_word' id='word_1_81' title='bbox 567 1383 762 1462; x_wconf 86' lang='lat' dir='ltr'><strong>Saturniaque</strong></span> <span class='ocrx_word' id='word_1_82' title='bbox 784 1403 854 1445; x_wconf 88' lang='lat' dir='ltr'><strong>arva</strong></span> 
     </span>
     <span class='ocr_line' id='line_1_15' title="bbox 73 1464 807 1544; baseline 0.004 -21"><span class='ocrx_word' id='word_1_83' title='bbox 73 1466 130 1525; x_wconf 87' lang='lat' dir='ltr'><strong>sive</strong></span> <span class='ocrx_word' id='word_1_84' title='bbox 152 1464 253 1543; x_wconf 79' lang='lat' dir='ltr'><strong>Erycis</strong></span> <span class='ocrx_word' id='word_1_85' title='bbox 275 1466 340 1525; x_wconf 84' lang='lat' dir='ltr'><strong>finis</strong></span> <span class='ocrx_word' id='word_1_86' title='bbox 361 1482 521 1544; x_wconf 82' lang='lat' dir='ltr'><strong>regemque</strong></span> <span class='ocrx_word' id='word_1_87' title='bbox 544 1469 647 1542; x_wconf 91' lang='lat' dir='ltr'><strong>optatis</strong></span> <span class='ocrx_word' id='word_1_88' title='bbox 667 1467 807 1536; x_wconf 81' lang='lat' dir='ltr'><strong>Acesten,</strong></span> 
     </span>
     <span class='ocr_line' id='line_1_16' title="bbox 71 1546 760 1625; baseline 0.003 -18"><span class='ocrx_word' id='word_1_89' title='bbox 71 1548 177 1608; x_wconf 84' lang='lat' dir='ltr'><strong>auxilio</strong></span> <span class='ocrx_word' id='word_1_90' title='bbox 198 1555 277 1608; x_wconf 89' lang='lat' dir='ltr'><strong>tutos</strong></span> <span class='ocrx_word' id='word_1_91' title='bbox 298 1549 440 1608; x_wconf 91' lang='lat' dir='ltr'><strong>dimittam</strong></span> <span class='ocrx_word' id='word_1_92' title='bbox 461 1546 625 1625; x_wconf 86' lang='lat' dir='ltr'><strong>opibusque</strong></span> <span class='ocrx_word' id='word_1_93' title='bbox 646 1548 760 1609; x_wconf 90' lang='lat' dir='ltr'><strong>iuvabo.</strong></span> 
     </span>
     <span class='ocr_line' id='line_1_17' title="bbox 71 1630 846 1710; baseline 0.005 -21"><span class='ocrx_word' id='word_1_94' title='bbox 71 1630 155 1691; x_wconf 84' lang='lat' dir='ltr'><strong>voltis</strong></span> <span class='ocrx_word' id='word_1_95' title='bbox 176 1631 271 1692; x_wconf 92' lang='lat' dir='ltr'><strong>ethis</strong></span> <span class='ocrx_word' id='word_1_96' title='bbox 292 1650 407 1692; x_wconf 90' lang='lat' dir='ltr'><strong>mecum</strong></span> <span class='ocrx_word' id='word_1_97' title='bbox 426 1631 536 1708; x_wconf 90' lang='lat' dir='ltr'><strong>pariter</strong></span> <span class='ocrx_word' id='word_1_98' title='bbox 560 1632 712 1692; x_wconf 91' lang='lat' dir='ltr'><strong>considere</strong></span> <span class='ocrx_word' id='word_1_99' title='bbox 733 1634 846 1710; x_wconf 91' lang='lat' dir='ltr'><strong>regnis:</strong></span> 
     </span>
     <span class='ocr_line' id='line_1_18' title="bbox 70 1714 917 1793; baseline 0.004 -18"><span class='ocrx_word' id='word_1_100' title='bbox 70 1714 175 1775; x_wconf 93' lang='lat' dir='ltr'><strong>urbem</strong></span> <span class='ocrx_word' id='word_1_101' title='bbox 195 1733 284 1793; x_wconf 91' lang='lat' dir='ltr'><strong>quam</strong></span> <span class='ocrx_word' id='word_1_102' title='bbox 306 1723 419 1785; x_wconf 89' lang='lat' dir='ltr'><strong>statuo,</strong></span> <span class='ocrx_word' id='word_1_103' title='bbox 441 1721 537 1775; x_wconf 90' lang='lat' dir='ltr'><strong>vestra</strong></span> <span class='ocrx_word' id='word_1_104' title='bbox 562 1723 620 1783; x_wconf 90' lang='lat' dir='ltr'><strong>est;</strong></span> <span class='ocrx_word' id='word_1_105' title='bbox 644 1714 797 1776; x_wconf 90' lang='lat' dir='ltr'><strong>subducite</strong></span> <span class='ocrx_word' id='word_1_106' title='bbox 821 1719 917 1787; x_wconf 81' lang='lat' dir='ltr'><strong>navis;</strong></span> 
     </span>
     <span class='ocr_line' id='line_1_19' title="bbox 70 1796 844 1877; baseline 0.004 -20"><span class='ocrx_word' id='word_1_107' title='bbox 70 1798 145 1858; x_wconf 87' lang='lat' dir='ltr'><strong>Tros</strong></span> <span class='ocrx_word' id='word_1_108' title='bbox 167 1799 330 1877; x_wconf 75' lang='lat' dir='ltr'><strong>Tyriusque</strong></span> <span class='ocrx_word' id='word_1_109' title='bbox 350 1799 421 1858; x_wconf 91' lang='lat' dir='ltr'><strong>mihi</strong></span> <span class='ocrx_word' id='word_1_110' title='bbox 442 1796 523 1858; x_wconf 92' lang='lat' dir='ltr'><strong>nullo</strong></span> <span class='ocrx_word' id='word_1_111' title='bbox 545 1798 712 1858; x_wconf 87' lang='lat' dir='ltr'><strong>discrimine</strong></span> <span class='ocrx_word' id='word_1_112' title='bbox 732 1808 844 1877; x_wconf 92' lang='lat' dir='ltr'><strong>agetur.</strong></span> 
     </span>
     <span class='ocr_line' id='line_1_20' title="bbox 70 1881 853 1960; baseline 0.003 -17"><span class='ocrx_word' id='word_1_113' title='bbox 70 1892 158 1959; x_wconf 91' lang='lat' dir='ltr'><strong>atque</strong></span> <span class='ocrx_word' id='word_1_114' title='bbox 177 1884 288 1942; x_wconf 89' lang='lat' dir='ltr'><strong>utinam</strong></span> <span class='ocrx_word' id='word_1_115' title='bbox 310 1901 362 1942; x_wconf 87' lang='lat' dir='ltr'><strong>rex</strong></span> <span class='ocrx_word' id='word_1_116' title='bbox 382 1883 445 1960; x_wconf 92' lang='lat' dir='ltr'><strong>ipse</strong></span> <span class='ocrx_word' id='word_1_117' title='bbox 467 1890 537 1941; x_wconf 93' lang='lat' dir='ltr'><strong>noto</strong></span> <span class='ocrx_word' id='word_1_118' title='bbox 560 1881 728 1959; x_wconf 90' lang='lat' dir='ltr'><strong>compulsus</strong></span> <span class='ocrx_word' id='word_1_119' title='bbox 749 1885 853 1945; x_wconf 89' lang='lat' dir='ltr'><strong>eodem</strong></span> 
     </span>
     <span class='ocr_line' id='line_1_21' title="bbox 70 1963 768 2044; baseline 0.001 -20"><span class='ocrx_word' id='word_1_120' title='bbox 70 1966 183 2025; x_wconf 84' lang='lat' dir='ltr'><strong>adforet</strong></span> <span class='ocrx_word' id='word_1_121' title='bbox 203 1967 329 2026; x_wconf 89' lang='lat' dir='ltr'><strong>Aeneas!</strong></span> <span class='ocrx_word' id='word_1_122' title='bbox 348 1965 484 2044; x_wconf 89' lang='lat' dir='ltr'><strong>equidem</strong></span> <span class='ocrx_word' id='word_1_123' title='bbox 503 1982 557 2043; x_wconf 93' lang='lat' dir='ltr'><strong>per</strong></span> <span class='ocrx_word' id='word_1_124' title='bbox 572 1963 656 2025; x_wconf 88' lang='lat' dir='ltr'><strong>litora</strong></span> <span class='ocrx_word' id='word_1_125' title='bbox 673 1973 768 2026; x_wconf 90' lang='lat' dir='ltr'><strong>certos</strong></span> 
     </span>
     <span class='ocr_line' id='line_1_22' title="bbox 70 2048 824 2128; baseline 0 -19"><span class='ocrx_word' id='word_1_126' title='bbox 70 2049 211 2109; x_wconf 90' lang='lat' dir='ltr'><strong>dimittam</strong></span> <span class='ocrx_word' id='word_1_127' title='bbox 229 2057 258 2109; x_wconf 91' lang='lat' dir='ltr'><strong>et</strong></span> <span class='ocrx_word' id='word_1_128' title='bbox 278 2048 386 2128; x_wconf 76' lang='lat' dir='ltr'><strong>Libyae</strong></span> <span class='ocrx_word' id='word_1_129' title='bbox 407 2048 532 2109; x_wconf 88' lang='lat' dir='ltr'><strong>lustrare</strong></span> <span class='ocrx_word' id='word_1_130' title='bbox 552 2056 680 2109; x_wconf 84' lang='lat' dir='ltr'><strong>extrema</strong></span> <span class='ocrx_word' id='word_1_131' title='bbox 703 2048 824 2118; x_wconf 90' lang='lat' dir='ltr'><strong>iubebo,</strong></span> 
     </span>
     <span class='ocr_line' id='line_1_23' title="bbox 70 2130 768 2210; baseline 0.003 -19"><span class='ocrx_word' id='word_1_132' title='bbox 70 2131 201 2210; x_wconf 87' lang='lat' dir='ltr'><strong>siquibus</strong></span> <span class='ocrx_word' id='word_1_133' title='bbox 226 2135 335 2193; x_wconf 90' lang='lat' dir='ltr'><strong>eiectus</strong></span> <span class='ocrx_word' id='word_1_134' title='bbox 354 2131 432 2192; x_wconf 86' lang='lat' dir='ltr'><strong>silvis</strong></span> <span class='ocrx_word' id='word_1_135' title='bbox 450 2141 501 2193; x_wconf 89' lang='lat' dir='ltr'><strong>aut</strong></span> <span class='ocrx_word' id='word_1_136' title='bbox 520 2130 645 2193; x_wconf 90' lang='lat' dir='ltr'><strong>urbibus</strong></span> <span class='ocrx_word' id='word_1_137' title='bbox 664 2131 768 2193; x_wconf 85' lang='lat' dir='ltr'><strong>errat’</strong></span> 
     </span>
    </p>

    <p class='ocr_par' dir='ltr' id='par_1_4' title="bbox 69 2215 906 3544">
     <span class='ocr_line' id='line_1_24' title="bbox 112 2215 843 2278; baseline 0.004 -3"><span class='ocrx_word' id='word_1_138' title='bbox 112 2215 162 2275; x_wconf 92' lang='lat' dir='ltr'><strong>llis</strong></span> <span class='ocrx_word' id='word_1_139' title='bbox 180 2218 309 2276; x_wconf 90' lang='lat' dir='ltr'><strong>animum</strong></span> <span class='ocrx_word' id='word_1_140' title='bbox 332 2216 438 2276; x_wconf 90' lang='lat' dir='ltr'><strong>arrecti</strong></span> <span class='ocrx_word' id='word_1_141' title='bbox 459 2216 543 2275; x_wconf 87' lang='lat' dir='ltr'><strong>dictis</strong></span> <span class='ocrx_word' id='word_1_142' title='bbox 565 2223 594 2276; x_wconf 92' lang='lat' dir='ltr'><strong>et</strong></span> <span class='ocrx_word' id='word_1_143' title='bbox 616 2215 699 2278; x_wconf 82' lang='lat' dir='ltr'><strong>fortis</strong></span> <span class='ocrx_word' id='word_1_144' title='bbox 718 2216 843 2278; x_wconf 85' lang='lat' dir='ltr'><strong>Achates</strong></span> 
     </span>
     <span class='ocr_line' id='line_1_25' title="bbox 70 2299 818 2376; baseline 0.001 -18"><span class='ocrx_word' id='word_1_145' title='bbox 70 2305 99 2358; x_wconf 94' lang='lat' dir='ltr'><strong>et</strong></span> <span class='ocrx_word' id='word_1_146' title='bbox 120 2307 204 2375; x_wconf 89' lang='lat' dir='ltr'><strong>pater</strong></span> <span class='ocrx_word' id='word_1_147' title='bbox 225 2300 338 2360; x_wconf 90' lang='lat' dir='ltr'><strong>Aeneas</strong></span> <span class='ocrx_word' id='word_1_148' title='bbox 358 2299 518 2360; x_wconf 88' lang='lat' dir='ltr'><strong>iandudum</strong></span> <span class='ocrx_word' id='word_1_149' title='bbox 532 2317 688 2376; x_wconf 89' lang='lat' dir='ltr'><strong>erumpere</strong></span> <span class='ocrx_word' id='word_1_150' title='bbox 710 2299 818 2360; x_wconf 92' lang='lat' dir='ltr'><strong>nubem</strong></span> 
     </span>
     <span class='ocr_line' id='line_1_26' title="bbox 69 2381 819 2460; baseline 0 -18"><span class='ocrx_word' id='word_1_151' title='bbox 69 2381 221 2443; x_wconf 90' lang='lat' dir='ltr'><strong>ardebant.</strong></span> <span class='ocrx_word' id='word_1_152' title='bbox 266 2385 346 2460; x_wconf 93' lang='lat' dir='ltr'><strong>prior</strong></span> <span class='ocrx_word' id='word_1_153' title='bbox 366 2383 485 2443; x_wconf 81' lang='lat' dir='ltr'><strong>Aenean</strong></span> <span class='ocrx_word' id='word_1_154' title='bbox 505 2383 659 2460; x_wconf 91' lang='lat' dir='ltr'><strong>compellat</strong></span> <span class='ocrx_word' id='word_1_155' title='bbox 680 2383 819 2444; x_wconf 89' lang='lat' dir='ltr'><strong>Achates:</strong></span> 
     </span>
     <span class='ocr_line' id='line_1_27' title="bbox 71 2465 853 2548; baseline 0.004 -25"><span class='ocrx_word' id='word_1_156' title='bbox 71 2473 155 2524; x_wconf 87' lang='lat' dir='ltr'><strong>‘nate</strong></span> <span class='ocrx_word' id='word_1_157' title='bbox 175 2465 243 2532; x_wconf 92' lang='lat' dir='ltr'><strong>dea,</strong></span> <span class='ocrx_word' id='word_1_158' title='bbox 268 2483 342 2543; x_wconf 90' lang='lat' dir='ltr'><strong>quae</strong></span> <span class='ocrx_word' id='word_1_159' title='bbox 363 2482 443 2548; x_wconf 69' lang='lat' dir='ltr'><strong>nunc</strong></span> <span class='ocrx_word' id='word_1_160' title='bbox 459 2466 556 2524; x_wconf 94' lang='lat' dir='ltr'><strong>animo</strong></span> <span class='ocrx_word' id='word_1_161' title='bbox 580 2468 721 2526; x_wconf 89' lang='lat' dir='ltr'><strong>sententia</strong></span> <span class='ocrx_word' id='word_1_162' title='bbox 743 2468 853 2542; x_wconf 81' lang='lat' dir='ltr'><strong>surgiti</strong></span> 
     </span>
     <span class='ocr_line' id='line_1_28' title="bbox 70 2546 846 2626; baseline 0 -19"><span class='ocrx_word' id='word_1_163' title='bbox 70 2549 166 2607; x_wconf 89' lang='lat' dir='ltr'><strong>omnia</strong></span> <span class='ocrx_word' id='word_1_164' title='bbox 189 2555 250 2607; x_wconf 90' lang='lat' dir='ltr'><strong>tuta</strong></span> <span class='ocrx_word' id='word_1_165' title='bbox 269 2547 363 2616; x_wconf 85' lang='lat' dir='ltr'><strong>vides,</strong></span> <span class='ocrx_word' id='word_1_166' title='bbox 385 2546 508 2607; x_wconf 90' lang='lat' dir='ltr'><strong>classem</strong></span> <span class='ocrx_word' id='word_1_167' title='bbox 529 2549 683 2626; x_wconf 89' lang='lat' dir='ltr'><strong>sociosque</strong></span> <span class='ocrx_word' id='word_1_168' title='bbox 703 2557 846 2624; x_wconf 82' lang='lat' dir='ltr'><strong>receptos.</strong></span> 
     </span>
     <span class='ocr_line' id='line_1_29' title="bbox 70 2628 868 2709; baseline 0 -19"><span class='ocrx_word' id='word_1_169' title='bbox 70 2647 147 2691; x_wconf 89' lang='lat' dir='ltr'><strong>unus</strong></span> <span class='ocrx_word' id='word_1_170' title='bbox 166 2629 262 2700; x_wconf 86' lang='lat' dir='ltr'><strong>abest,</strong></span> <span class='ocrx_word' id='word_1_171' title='bbox 285 2628 382 2689; x_wconf 90' lang='lat' dir='ltr'><strong>medio</strong></span> <span class='ocrx_word' id='word_1_172' title='bbox 403 2630 433 2689; x_wconf 93' lang='lat' dir='ltr'><strong>in</strong></span> <span class='ocrx_word' id='word_1_173' title='bbox 454 2629 545 2688; x_wconf 83' lang='lat' dir='ltr'><strong>Aucto</strong></span> <span class='ocrx_word' id='word_1_174' title='bbox 566 2647 653 2706; x_wconf 90' lang='lat' dir='ltr'><strong>quem</strong></span> <span class='ocrx_word' id='word_1_175' title='bbox 673 2629 796 2689; x_wconf 86' lang='lat' dir='ltr'><strong>vidimus</strong></span> <span class='ocrx_word' id='word_1_176' title='bbox 815 2633 868 2709; x_wconf 89' lang='lat' dir='ltr'><strong>ipsi</strong></span> 
     </span>
     <span class='ocr_line' id='line_1_30' title="bbox 70 2711 835 2789; baseline 0.001 -17"><span class='ocrx_word' id='word_1_177' title='bbox 70 2711 273 2781; x_wconf 83' lang='lat' dir='ltr'><strong>submersum3</strong></span> <span class='ocrx_word' id='word_1_178' title='bbox 296 2712 380 2773; x_wconf 88' lang='lat' dir='ltr'><strong>dictis</strong></span> <span class='ocrx_word' id='word_1_179' title='bbox 395 2712 576 2789; x_wconf 88' lang='lat' dir='ltr'><strong>respondent</strong></span> <span class='ocrx_word' id='word_1_180' title='bbox 597 2721 694 2782; x_wconf 82' lang='lat' dir='ltr'><strong>cetera</strong></span> <span class='ocrx_word' id='word_1_181' title='bbox 709 2714 835 2774; x_wconf 85' lang='lat' dir='ltr'><strong>matris&#39;</strong></span> 
     </span>
     <span class='ocr_line' id='line_1_31' title="bbox 71 2796 802 2874; baseline 0.003 -19"><span class='ocrx_word' id='word_1_182' title='bbox 71 2798 117 2856; x_wconf 80' lang='lat' dir='ltr'><strong>rix</strong></span> <span class='ocrx_word' id='word_1_183' title='bbox 141 2816 173 2858; x_wconf 92' lang='lat' dir='ltr'><strong>ea</strong></span> <span class='ocrx_word' id='word_1_184' title='bbox 197 2796 273 2857; x_wconf 86' lang='lat' dir='ltr'><strong>latus</strong></span> <span class='ocrx_word' id='word_1_185' title='bbox 292 2805 372 2865; x_wconf 90' lang='lat' dir='ltr'><strong>erat,</strong></span> <span class='ocrx_word' id='word_1_186' title='bbox 396 2815 463 2857; x_wconf 91' lang='lat' dir='ltr'><strong>cum</strong></span> <span class='ocrx_word' id='word_1_187' title='bbox 487 2796 662 2856; x_wconf 76' lang='lat' dir='ltr'><strong>circumfusa</strong></span> <span class='ocrx_word' id='word_1_188' title='bbox 680 2804 802 2874; x_wconf 90' lang='lat' dir='ltr'><strong>repente</strong></span> 
     </span>
     <span class='ocr_line' id='line_1_32' title="bbox 70 2879 877 2959; baseline 0.002 -19"><span class='ocrx_word' id='word_1_189' title='bbox 70 2880 175 2941; x_wconf 90' lang='lat' dir='ltr'><strong>scindit</strong></span> <span class='ocrx_word' id='word_1_190' title='bbox 196 2898 228 2941; x_wconf 93' lang='lat' dir='ltr'><strong>se</strong></span> <span class='ocrx_word' id='word_1_191' title='bbox 249 2879 343 2941; x_wconf 88' lang='lat' dir='ltr'><strong>nubes</strong></span> <span class='ocrx_word' id='word_1_192' title='bbox 367 2882 445 2941; x_wconf 91' lang='lat' dir='ltr'><strong>etin</strong></span> <span class='ocrx_word' id='word_1_193' title='bbox 466 2879 586 2940; x_wconf 86' lang='lat' dir='ltr'><strong>aethera</strong></span> <span class='ocrx_word' id='word_1_194' title='bbox 604 2888 712 2958; x_wconf 88' lang='lat' dir='ltr'><strong>purgat</strong></span> <span class='ocrx_word' id='word_1_195' title='bbox 734 2890 877 2959; x_wconf 91' lang='lat' dir='ltr'><strong>apertum.</strong></span> 
     </span>
     <span class='ocr_line' id='line_1_33' title="bbox 69 2962 737 3043; baseline 0 -20"><span class='ocrx_word' id='word_1_196' title='bbox 69 2966 174 3026; x_wconf 90' lang='lat' dir='ltr'><strong>restitit</strong></span> <span class='ocrx_word' id='word_1_197' title='bbox 195 2966 309 3026; x_wconf 90' lang='lat' dir='ltr'><strong>Aeneas</strong></span> <span class='ocrx_word' id='word_1_198' title='bbox 332 2962 468 3043; x_wconf 90' lang='lat' dir='ltr'><strong>claraque</strong></span> <span class='ocrx_word' id='word_1_199' title='bbox 488 2965 518 3024; x_wconf 91' lang='lat' dir='ltr'><strong>in</strong></span> <span class='ocrx_word' id='word_1_200' title='bbox 537 2964 603 3025; x_wconf 91' lang='lat' dir='ltr'><strong>luce</strong></span> <span class='ocrx_word' id='word_1_201' title='bbox 624 2963 737 3025; x_wconf 79' lang='lat' dir='ltr'><strong>refulsit</strong></span> 
     </span>
     <span class='ocr_line' id='line_1_34' title="bbox 71 3048 906 3130; baseline 0.005 -25"><span class='ocrx_word' id='word_1_202' title='bbox 71 3065 105 3130; x_wconf 85' lang='lat' dir='ltr'><strong>os</strong></span> <span class='ocrx_word' id='word_1_203' title='bbox 125 3067 302 3128; x_wconf 90' lang='lat' dir='ltr'><strong>umerosque</strong></span> <span class='ocrx_word' id='word_1_204' title='bbox 323 3049 379 3108; x_wconf 93' lang='lat' dir='ltr'><strong>deo</strong></span> <span class='ocrx_word' id='word_1_205' title='bbox 400 3048 503 3108; x_wconf 91' lang='lat' dir='ltr'><strong>similis</strong></span> <span class='ocrx_word' id='word_1_206' title='bbox 510 3066 518 3115; x_wconf 92' lang='lat'>;</span> <span class='ocrx_word' id='word_1_207' title='bbox 539 3066 665 3128; x_wconf 90' lang='lat' dir='ltr'><strong>namque</strong></span> <span class='ocrx_word' id='word_1_208' title='bbox 686 3051 748 3126; x_wconf 91' lang='lat' dir='ltr'><strong>ipsa</strong></span> <span class='ocrx_word' id='word_1_209' title='bbox 769 3048 906 3110; x_wconf 89' lang='lat' dir='ltr'><strong>decoram</strong></span> 
     </span>
     <span class='ocr_line' id='line_1_35' title="bbox 71 3132 805 3210; baseline 0.003 -20"><span class='ocrx_word' id='word_1_210' title='bbox 71 3133 228 3192; x_wconf 88' lang='lat' dir='ltr'><strong>caesariem</strong></span> <span class='ocrx_word' id='word_1_211' title='bbox 251 3139 319 3194; x_wconf 90' lang='lat' dir='ltr'><strong>nato</strong></span> <span class='ocrx_word' id='word_1_212' title='bbox 339 3133 473 3209; x_wconf 81' lang='lat' dir='ltr'><strong>genetrix</strong></span> <span class='ocrx_word' id='word_1_213' title='bbox 492 3132 649 3210; x_wconf 90' lang='lat' dir='ltr'><strong>lumenque</strong></span> <span class='ocrx_word' id='word_1_214' title='bbox 672 3133 805 3192; x_wconf 91' lang='lat' dir='ltr'><strong>iuventae</strong></span> 
     </span>
     <span class='ocr_line' id='line_1_36' title="bbox 70 3214 861 3292; baseline 0.003 -20"><span class='ocrx_word' id='word_1_215' title='bbox 70 3231 253 3292; x_wconf 90' lang='lat' dir='ltr'><strong>purpureum</strong></span> <span class='ocrx_word' id='word_1_216' title='bbox 272 3225 301 3277; x_wconf 89' lang='lat' dir='ltr'><strong>et</strong></span> <span class='ocrx_word' id='word_1_217' title='bbox 315 3214 407 3276; x_wconf 87' lang='lat' dir='ltr'><strong>laetos</strong></span> <span class='ocrx_word' id='word_1_218' title='bbox 426 3215 519 3276; x_wconf 88' lang='lat' dir='ltr'><strong>oculis</strong></span> <span class='ocrx_word' id='word_1_219' title='bbox 541 3216 663 3276; x_wconf 91' lang='lat' dir='ltr'><strong>adllarat</strong></span> <span class='ocrx_word' id='word_1_220' title='bbox 680 3215 824 3275; x_wconf 90' lang='lat' dir='ltr'><strong>bonores:</strong></span> <span class='ocrx_word' id='word_1_221' title='bbox 860 3271 861 3274; x_wconf 74' lang='grc'>,</span> 
     </span>
     <span class='ocr_line' id='line_1_37' title="bbox 70 3297 879 3374; baseline 0.001 -18"><span class='ocrx_word' id='word_1_222' title='bbox 70 3298 155 3374; x_wconf 90' lang='lat' dir='ltr'><strong>quale</strong></span> <span class='ocrx_word' id='word_1_223' title='bbox 177 3316 281 3360; x_wconf 90' lang='lat' dir='ltr'><strong>manus</strong></span> <span class='ocrx_word' id='word_1_224' title='bbox 303 3300 413 3360; x_wconf 90' lang='lat' dir='ltr'><strong>addunt</strong></span> <span class='ocrx_word' id='word_1_225' title='bbox 434 3299 517 3360; x_wconf 90' lang='lat' dir='ltr'><strong>ebori</strong></span> <span class='ocrx_word' id='word_1_226' title='bbox 538 3300 643 3366; x_wconf 89' lang='lat' dir='ltr'><strong>decus,</strong></span> <span class='ocrx_word' id='word_1_227' title='bbox 663 3306 713 3357; x_wconf 92' lang='lat' dir='ltr'><strong>aut</strong></span> <span class='ocrx_word' id='word_1_228' title='bbox 734 3297 786 3358; x_wconf 91' lang='lat' dir='ltr'><strong>ubi</strong></span> <span class='ocrx_word' id='word_1_229' title='bbox 806 3297 879 3358; x_wconf 82' lang='lat' dir='ltr'><strong>ssavo</strong></span> 
     </span>
     <span class='ocr_line' id='line_1_38' title="bbox 69 3383 793 3460; baseline 0 -20"><span class='ocrx_word' id='word_1_230' title='bbox 69 3390 223 3457; x_wconf 90' lang='lat' dir='ltr'><strong>argentum</strong></span> <span class='ocrx_word' id='word_1_231' title='bbox 245 3383 381 3443; x_wconf 86' lang='lat' dir='ltr'><strong>Pariusve</strong></span> <span class='ocrx_word' id='word_1_232' title='bbox 402 3383 476 3460; x_wconf 89' lang='lat' dir='ltr'><strong>lapis</strong></span> <span class='ocrx_word' id='word_1_233' title='bbox 495 3383 693 3443; x_wconf 91' lang='lat' dir='ltr'><strong>circumdatur</strong></span> <span class='ocrx_word' id='word_1_234' title='bbox 711 3398 793 3440; x_wconf 91' lang='lat' dir='ltr'><strong>auro.</strong></span> 
     </span>
     <span class='ocr_line' id='line_1_39' title="bbox 69 3465 867 3544; baseline 0.001 -20"><span class='ocrx_word' id='word_1_235' title='bbox 69 3472 131 3525; x_wconf 90' lang='lat' dir='ltr'><strong>tum</strong></span> <span class='ocrx_word' id='word_1_236' title='bbox 153 3467 196 3526; x_wconf 93' lang='lat' dir='ltr'><strong>sic</strong></span> <span class='ocrx_word' id='word_1_237' title='bbox 214 3467 345 3544; x_wconf 90' lang='lat' dir='ltr'><strong>reginam</strong></span> <span class='ocrx_word' id='word_1_238' title='bbox 366 3465 532 3544; x_wconf 87' lang='lat' dir='ltr'><strong>adloquitur</strong></span> <span class='ocrx_word' id='word_1_239' title='bbox 555 3467 725 3542; x_wconf 89' lang='lat' dir='ltr'><strong>cunctisque</strong></span> <span class='ocrx_word' id='word_1_240' title='bbox 746 3473 867 3544; x_wconf 91' lang='lat' dir='ltr'><strong>repente</strong></span> 
     </span>
    </p>
   </div>
   <div class='ocr_carea' id='block_1_3' title="bbox 0 0 1204 3878">
    <p class='ocr_par' dir='ltr' id='par_1_5' title="bbox 0 0 1204 3878">
     <span class='ocr_line' id='line_1_40' title="bbox 0 0 1204 3878; baseline 0 0"><span class='ocrx_word' id='word_1_241' title='bbox 0 0 1204 3878; x_wconf 95' lang='lat' dir='ltr'><strong> </strong></span> 
     </span>
    </p>
   </div>
   <div class='ocr_carea' id='block_1_4' title="bbox 86 3752 126 3771">
    <p class='ocr_par' dir='ltr' id='par_1_6' title="bbox 86 3752 126 3771">
     <span class='ocr_line' id='line_1_41' title="bbox 86 3752 126 3771; baseline 0 0"><span class='ocrx_word' id='word_1_242' title='bbox 86 3752 126 3771; x_wconf 43' lang='lat' dir='ltr'><strong>*hr-</strong></span> 
     </span>
    </p>
   </div>
  </div>
 </body>
</html>
