2400 3878
391 203 534 251 vanam
553 203 678 251 saurus
695 203 748 250 1111
1011 189 1066 253 tat

60 362 116 419 lata
138 358 267 428 obstant,
290 357 477 436 placidasque
498 357 551 417 viri
573 357 645 417 deus
667 356 792 416 obstruit
815 359 899 417 auris.
1019 364 1071 418 tte

60 461 94 503 ac
115 441 193 503 velut
213 458 322 503 annoso
345 440 467 502 validam
488 458 554 501 cum
575 439 684 500 robore
709 457 851 518 quercum

59 524 154 603 Alpini
172 526 280 586 boreae
301 542 379 584 nunc
401 524 470 584 hinc
489 542 569 584 nunc
590 522 706 583 llatibus
728 521 807 582 illinc

60 627 165 670 cruere
187 611 261 670 inter
282 614 459 676 recenant:
482 607 648 675 itstrider,
673 613 701 666 et
724 605 797 666 altae

61 700 252 753 consternunt
274 700 384 753 terram
407 709 548 755 concusso
568 692 668 768 stipite.
686 689 820 758 frendes:

60 777 121 853 ipsa
143 775 243 837 haeret
264 774 390 854 scopulis
411 782 440 835 et
461 783 600 852 quantum
623 774 731 834 vertice
752 772 789 833 ad
810 789 895 833 auras

60 858 218 928 aetherias,
241 866 354 919 tantum
376 857 475 919 radice
496 860 526 918 in
547 858 669 918 Tartara
691 856 797 917 tendit:

60 943 130 1002 haut
152 960 236 1003 secus
258 943 386 1002 adsiduis
407 942 475 1002 binc
495 949 581 1021 atque
603 940 672 1001 hinc
693 939 814 1001 nucibus
834 939 923 1001 heros

60 1025 191 1087 tunditur
212 1034 240 1086 ct
260 1043 365 1104 magno
388 1025 528 1103 persentit
550 1032 669 1102 pectere
691 1041 790 1092 curas,

60 1127 142 1168 mens
164 1110 282 1170 immota
304 1116 415 1178 manet;
439 1108 576 1169 lacrimae
596 1107 748 1168 volventur
768 1109 877 1169 inanes.

102 1191 176 1252 Turn
199 1212 268 1253 vere
291 1191 390 1253 infelix
410 1193 475 1253 latis
497 1194 634 1254 exterrita
656 1191 729 1252 llidu

60 1283 185 1336 mertem
206 1284 282 1336 orat:
306 1276 402 1336 taedet
424 1275 494 1337 caeli
512 1293 640 1337 convexa
660 1276 745 1336 tueri.

62 1375 119 1435 quc
142 1360 233 1436 magis
254 1361 542 1436 inceptum0peragat
561 1359 716 1437 lucemque
736 1358 893 1435 relinquat,

61 1440 145 1510 vidit,
169 1442 334 1502 turicremis
357 1459 423 1502 cum
447 1441 522 1502 dena
542 1444 695 1518 inponeret
716 1443 774 1501 aris

62 1522 251 1601 (horrendum
275 1524 379 1600 dictu),
402 1524 500 1585 latices
521 1526 688 1601 nigrescere
710 1541 809 1583 sacres

61 1606 184 1685 tusaque
205 1609 234 1668 iu
257 1606 418 1668 obscenum
439 1625 470 1667 se
490 1614 606 1668 vertere
628 1608 692 1666 vina
715 1623 861 1667 cruorem.

61 1690 118 1752 bec
139 1693 231 1751 visum
253 1689 336 1760 nulli,
359 1709 418 1750 nen
434 1692 487 1767 ipsi
510 1691 593 1751 eiiata
616 1691 719 1750 sorori.

61 1782 213 1852 praeterea
236 1775 290 1835 luit
311 1774 442 1835 intectis
465 1775 501 1835 de
523 1791 670 1834 marmure
690 1772 831 1850 templum

60 1859 192 1936 coniugis
215 1859 340 1936 antiqui,
364 1859 438 1918 miro
460 1856 539 1936 quod
561 1857 674 1917 honere
696 1856 822 1926 colebat,

61 1940 216 2002 velleribus
239 1943 328 2002 niveis
349 1949 377 2003 et
399 1943 470 2002 iesta
495 1940 599 2001 lrcnde
622 1940 796 2002 revinctum:

62 2025 129 2085 binc
152 2026 282 2086 exaudiri
303 2043 389 2088 voces
411 2032 439 2086 et
461 2025 549 2086 verba
573 2025 702 2084 vocantis

60 2109 120 2168 risa
141 2110 208 2179 riri,
231 2128 290 2170 nox
309 2128 376 2171 cum
393 2118 488 2171 terras
510 2107 635 2168 obscura
653 2114 780 2176 teneret,

61 2191 181 2269 solaque
204 2192 379 2254 culminibus
400 2191 482 2253 lerali
505 2192 634 2253 carmine
655 2190 735 2251 bubo

61 2293 148 2354 saepe
171 2278 254 2354 queri
279 2285 308 2338 et
326 2277 427 2353 longas
449 2277 478 2336 in
500 2275 601 2337 lictum
624 2274 736 2336 ducere
758 2291 858 2342 veces;

61 2357 210 2436 multaque
232 2368 385 2437 praeterea
408 2367 505 2420 vatum
524 2358 672 2436 praedicta
692 2359 813 2434 piorum
884 2414 915 2427 ,,

62 2441 184 2501 terribili
204 2444 316 2504 monitu
338 2442 517 2502 horrificant.
561 2442 620 2516 agit
640 2441 704 2517 ipse
722 2441 866 2500 furentem

62 2526 91 2583 in
113 2525 223 2584 somnis
242 2525 321 2585 ierus
343 2527 468 2591 Aeneam
492 2540 667 2600 semperque
688 2521 812 2600 relinqui

62 2605 123 2666 sela
143 2607 210 2675 sibi,
234 2625 350 2684 semper
372 2606 489 2682 longam
511 2606 676 2665 incomitata
695 2605 808 2664 videtur

62 2692 105 2750 ire
123 2689 197 2749 viam
219 2699 248 2750 et
269 2690 371 2769 Tyrios
390 2690 503 2749 deserta
527 2704 669 2766 quaerere
688 2696 776 2748 terra.

63 2773 256 2833 Eumenidum
277 2773 364 2834 veluti
386 2773 505 2833 demens
529 2773 605 2832 videt
626 2772 727 2848 agm'
725 2789 741 2832 a
761 2759 908 2831 Pentheus

63 2865 91 2917 et
109 2855 201 2917 selem
224 2858 372 2934 geminum
396 2862 423 2917 et
444 2856 503 2933 dup
527 2857 567 2916 cis
589 2873 620 2916 se
643 2856 797 2916 estendere
818 2853 948 2926 Thebas,

63 2948 111 3000 aut
133 2942 378 3017 Agamemnenms
398 2940 511 3000 scaenis
535 2940 658 3017 agitatus
681 2939 797 3000 Orestes

63 3033 203 3084 armatam
225 3024 337 3085 lacibus
358 3031 481 3085 matrem
554 3022 738 3100 serpentibus
758 3029 827 3083 atris

64 3125 129 3166 curn
151 3108 239 3184 sugit,
263 3107 440 3186 ultricesque
462 3107 565 3168 sedent
586 3108 615 3167 in
636 3104 734 3167 limine
756 3105 851 3167 Dirae.

104 3188 184 3266 llrgo
206 3191 258 3251 ubi
279 3192 412 3271 concepit
433 3191 522 3251 lurias
546 3192 636 3250 evicta
655 3189 756 3250 delere

65 3273 252 3352 decrevitque
273 3276 364 3343 meri,
386 3283 501 3352 tempus
521 3291 621 3333 secum
641 3274 702 3350 ipsa
717 3272 896 3350 medumque

65 3357 151 3432 erigit
173 3364 202 3416 et
222 3365 362 3419 maestam
383 3357 466 3418 dictis
487 3356 626 3434 adgressa
646 3373 778 3415 sororem

65 3437 216 3499 consilium
234 3439 313 3500 voltu
333 3442 404 3517 tegit
425 3458 459 3499 ac
481 3457 561 3517 spem
584 3438 681 3499 fronte
702 3445 831 3498 serenat:

133 3553 263 3598 arraret,
282 3553 396 3590 rasura.
826 3533 860 3593 li
