2400 3878
365 225 508 274 VERGILI
529 224 730 274 unosfflcou
749 226 761 272 1

59 384 167 460 pingue
189 381 284 441 solum
305 381 408 459 primis
430 379 575 458 extemplo
597 398 613 440 a
635 380 784 441 mensibus
806 382 873 441 anni

59 466 151 525 fortes
172 466 319 525 invertant
339 465 429 533 tauri,
454 464 630 542 glaebasque
652 465 772 525 iacentis

58 548 262 626 pulverulenta
284 554 390 626 coquat
411 550 533 608 maturis
554 547 666 607 solibus
687 554 796 617 aestas:

59 638 90 691 at
111 633 135 690 si
156 650 215 690 nnn
237 633 325 693 fuerit
347 630 431 690 tellus
452 631 591 701 fecunda,
615 631 669 691 sub
692 632 786 708 ipsum

59 721 209 776 arcturum
232 716 312 775 tenui
334 721 377 775 sat
400 716 455 775 erit
476 715 656 793 suspendere
679 715 776 775 sulco:

58 797 132 869 illic,
156 799 284 859 officiant
304 798 387 858 laetis
408 817 446 859 ne
469 799 603 877 frugibus
625 798 743 868 herbae,

58 883 121 951 bie,
144 881 272 942 sterilem
295 883 416 960 exiguus
438 900 475 942 ne
497 882 613 943 deserat
633 900 719 942 umor
740 882 879 942 harenam

100 965 226 1027 Alternis
247 965 324 1026 idem
345 971 445 1025 tonsas
467 984 582 1026 cessare
603 965 723 1037 novalis,

59 1056 88 1110 et
109 1067 228 1127 segnem
251 1051 364 1127 patiere
386 1050 444 1109 situ
465 1049 623 1110 durescere
646 1068 796 1128 campum;

58 1140 109 1193 aut
129 1133 170 1193 ibi
191 1132 264 1193 flava
287 1151 368 1194 seres
389 1141 500 1194 mutato
523 1134 620 1194 sidere
641 1134 730 1205 farra,

57 1217 136 1276 unde
158 1217 241 1294 prins
262 1216 370 1278 laetum
393 1217 496 1296 siliqua
519 1225 674 1296 quassante
695 1218 833 1296 legumen

59 1306 109 1359 aut
130 1301 226 1359 tenuis
247 1301 324 1360 fetus
344 1302 436 1362 viciae
456 1303 605 1380 tristisque
626 1302 717 1380 lupini
852 1268 909 1336 „ab

57 1381 210 1443 sustuleris
231 1383 348 1460 fragiles
370 1384 499 1444 calamos
518 1385 677 1464 silvamque
698 1392 859 1447 sonantem.

57 1465 117 1526 urit
141 1465 217 1526 enim
241 1465 291 1525 lini
313 1484 449 1544 campum
472 1485 572 1544 seges,
595 1470 655 1527 urit
675 1487 793 1537 avenae,

56 1556 148 1609 urunt
169 1549 297 1610 Lethaeo
319 1549 438 1627 perfusa
459 1557 604 1628 papavera
627 1568 745 1610 somno:

57 1635 109 1695 sed
124 1640 219 1693 tamen
243 1631 363 1693 alternis
384 1632 476 1693 facilis
498 1632 595 1704 labor,
619 1635 699 1694 arida
721 1641 833 1694 tantum

57 1735 95 1778 ne
117 1723 249 1777 saturare
271 1717 340 1776 flmo
361 1717 462 1794 pingui
484 1718 593 1794 pudeat
615 1716 676 1776 sola
698 1736 771 1778 neve

58 1801 159 1860 effetos
182 1801 310 1861 cinerem
333 1800 518 1860 immundum
538 1801 647 1861 iactare
669 1820 723 1879 per
746 1818 842 1879 agros.

57 1885 99 1944 sic
121 1903 238 1962 quoque
260 1885 378 1944 mutatis
400 1884 589 1962 requiescunt
609 1885 716 1946 fetibus
739 1903 820 1954 arva;

56 1984 112 2027 nee
134 1967 212 2028 nulla
234 1968 345 2028 interea
368 1976 413 2028 est
434 1969 563 2028 inaratae
585 1969 678 2046 gratia·
698 1975 811 2033 terrae..

56 2069 145 2130 saepe
167 2052 252 2111 etiam
275 2051 388 2111 steriles
409 2051 568 2112 incendere
590 2052 700 2129 profuit
722 2069 819 2130 agros,

57 2142 144 2212 atque
166 2134 259 2196 levem
282 2134 417 2212 stipulam
440 2134 650 2213 crepitantibus
671 2153 760 2196 urere
781 2135 921 2195 flammis:

57 2219 117 2279 sive
138 2218 206 2279 inde
228 2218 358 2278 occultas
379 2221 456 2279 vires
479 2226 507 2279 et
528 2218 634 2297 pabula
656 2226 753 2280 terrae

57 2303 175 2381 pinguia
199 2303 379 2380 concipiunt,
402 2304 462 2363 sive
484 2301 540 2362 illis
563 2321 649 2363 omne
671 2321 725 2381 per
747 2305 844 2381 ignem

57 2387 230 2464 excoquitur
251 2387 353 2446 vitium
375 2393 463 2466 atque
486 2387 593 2446 exudat
614 2386 722 2447 inutilis
745 2404 838 2455 umor,

57 2487 110 2530 seu
131 2468 233 2547 plures
253 2467 334 2530 calor
355 2469 403 2530 ille
424 2471 485 2529 vias
507 2478 537 2530 et
558 2489 644 2531 caeca
665 2469 778 2530 relaxat

57 2553 251 2630 spiramenta,
274 2570 364 2612 nevas
385 2554 482 2613 veniat
504 2572 560 2631 qua
583 2572 670 2614 sucus
692 2556 722 2614 in
744 2553 867 2620 herbas;

58 2653 111 2695 seu
134 2635 220 2695 durat
241 2637 347 2712 magis,
372 2643 401 2696 et
421 2653 509 2696 venas
532 2636 685 2714 adstringit
705 2637 821 2706 hiantis,

57 2736 95 2779 ne
116 2724 221 2778 tenues
241 2717 356 2797 pluviae
377 2719 506 2798 rapidive
528 2712 656 2797 pote'ntia
682 2719 752 2780 solis

58 2803 155 2863 acrior
177 2810 227 2863 aut
249 2802 361 2863 Bnreae
383 2803 563 2880 penetrabile
584 2799 678 2880 frigus
700 2804 813 2864 adurat.

58 2885 183 2946 multum
205 2886 294 2956 adeo,
318 2888 420 2947 rastris
442 2886 561 2964 glaebas
583 2888 638 2965 qui
655 2886 763 2964 frangit
784 2886 886 2945 inertis

57 2971 254 3048 vimineasque
276 2970 365 3030 trahit
387 2978 497 3039 crates,
520 2971 599 3030 iuvat
621 2989 704 3039 arva,
727 2988 824 3047 neque
846 2968 926 3028 illum

57 3053 242 3113 flevaCeres
265 3052 322 3114 alto
345 3055 522 3132 nequiquam
544 3059 657 3129 spectat
679 3050 816 3130 Olympo;

60 3143 89 3197 et
111 3139 174 3215 qui,
198 3139 346 3215 proscisso
370 3155 445 3216 quae
467 3136 587 3195 suscitat
608 3153 737 3213 aequore
758 3142 849 3212 terga.

59 3238 164 3280 rursus
186 3222 216 3280 in
238 3220 387 3299 obliquom
409 3237 494 3280 verso
516 3219 681 3295 perrumpit
702 3223 800 3277 aratro

56 3309 235 3381 exercetque
256 3304 396 3383 frequens
417 3303 552 3364 tellurem
575 3309 661 3379 atque
683 3302 808 3379 imperat
830 3318 906 3360 arvis

62 3391 204 3470 *[umida
224 3391 347 3452 solstitia
370 3397 458 3467 atque
480 3387 594 3446 hiemes
616 3391 698 3444 crate
719 3402 855 3454 serenas,
1015 3388 1064 3439 100

62 3474 222 3552 agricolae:
245 3473 369 3533 hiberno
391 3471 549 3532 laetissima
571 3467 691 3548 pulvere
712 3468 805 3537 farra,
