<?xml version="1.0" encoding="UTF-8"?>
<!DOCTYPE html PUBLIC "-//W3C//DTD XHTML 1.0 Transitional//EN"
    "http://www.w3.org/TR/xhtml1/DTD/xhtml1-transitional.dtd">
<html xmlns="http://www.w3.org/1999/xhtml" xml:lang="en" lang="en">
 <head>
  <title>
</title>
<meta http-equiv="Content-Type" content="text/html;charset=utf-8" />
  <meta name='ocr-system' content='tesseract 3.04.00' />
  <meta name='ocr-capabilities' content='ocr_page ocr_carea ocr_par ocr_line ocrx_word'/>
</head>
<body>
  <div class='ocr_page' id='page_1' title='image "./operainusumscho00virggoog_0108.png"; bbox 0 0 2400 3878; ppageno 0'>
   <div class='ocr_carea' id='block_1_1' title="bbox 142 210 860 271">
    <p class='ocr_par' dir='ltr' id='par_1_1' title="bbox 142 210 860 271">
     <span class='ocr_line' id='line_1_1' title="bbox 142 210 860 271; baseline -0.007 0"><span class='ocrx_word' id='word_1_1' title='bbox 142 210 182 271; x_wconf 85' lang='grc'><strong>68</strong></span> <span class='ocrx_word' id='word_1_2' title='bbox 431 221 574 267; x_wconf 79' lang='lat' dir='ltr'><strong>vnuornr</strong></span> <span class='ocrx_word' id='word_1_3' title='bbox 598 219 797 267; x_wconf 80' lang='lat' dir='ltr'><strong>ononoreon</strong></span> <span class='ocrx_word' id='word_1_4' title='bbox 820 221 860 266; x_wconf 88' lang='lat'><strong>111</strong></span> 
     </span>
    </p>
   </div>
   <div class='ocr_carea' id='block_1_2' title="bbox 134 374 1157 3200">
    <p class='ocr_par' dir='ltr' id='par_1_2' title="bbox 140 374 1157 786">
     <span class='ocr_line' id='line_1_2' title="bbox 141 374 1157 452; baseline 0 -18"><span class='ocrx_word' id='word_1_5' title='bbox 141 393 201 434; x_wconf 92' lang='lat' dir='ltr'><strong>non</strong></span> <span class='ocrx_word' id='word_1_6' title='bbox 222 375 344 435; x_wconf 80' lang='lat' dir='ltr'>umbrae</span> <span class='ocrx_word' id='word_1_7' title='bbox 365 374 489 434; x_wconf 91' lang='lat' dir='ltr'><strong>altorum</strong></span> <span class='ocrx_word' id='word_1_8' title='bbox 512 392 682 441; x_wconf 86' lang='lat' dir='ltr'><strong>nemorum,</strong></span> <span class='ocrx_word' id='word_1_9' title='bbox 706 393 765 433; x_wconf 92' lang='lat' dir='ltr'><strong>non</strong></span> <span class='ocrx_word' id='word_1_10' title='bbox 787 374 883 435; x_wconf 91' lang='lat' dir='ltr'><strong>mollia</strong></span> <span class='ocrx_word' id='word_1_11' title='bbox 905 385 1028 452; x_wconf 80' lang='lat' dir='ltr'><strong>possunt</strong></span> <span class='ocrx_word' id='word_1_12' title='bbox 1102 388 1157 441; x_wconf 77' lang='lat'><strong>520</strong></span> 
     </span>
     <span class='ocr_line' id='line_1_3' title="bbox 140 456 982 535; baseline -0.001 -18"><span class='ocrx_word' id='word_1_13' title='bbox 140 466 224 535; x_wconf 90' lang='lat' dir='ltr'><strong>prata</strong></span> <span class='ocrx_word' id='word_1_14' title='bbox 245 476 363 518; x_wconf 89' lang='lat' dir='ltr'><strong>movere</strong></span> <span class='ocrx_word' id='word_1_15' title='bbox 384 458 529 526; x_wconf 87' lang='lat' dir='ltr'><strong>animum,</strong></span> <span class='ocrx_word' id='word_1_16' title='bbox 552 475 611 515; x_wconf 91' lang='lat' dir='ltr'><strong>non</strong></span> <span class='ocrx_word' id='word_1_17' title='bbox 633 459 682 535; x_wconf 92' lang='lat' dir='ltr'><strong>qui</strong></span> <span class='ocrx_word' id='word_1_18' title='bbox 703 475 757 533; x_wconf 95' lang='lat' dir='ltr'><strong>per</strong></span> <span class='ocrx_word' id='word_1_19' title='bbox 779 475 847 518; x_wconf 83' lang='lat' dir='ltr'><strong>sara</strong></span> <span class='ocrx_word' id='word_1_20' title='bbox 869 456 982 520; x_wconf 85' lang='lat' dir='ltr'><strong>volutus</strong></span> 
     </span>
     <span class='ocr_line' id='line_1_4' title="bbox 140 541 881 618; baseline -0.001 -17"><span class='ocrx_word' id='word_1_21' title='bbox 140 541 243 617; x_wconf 91' lang='lat' dir='ltr'><strong>purior</strong></span> <span class='ocrx_word' id='word_1_22' title='bbox 265 541 373 602; x_wconf 85' lang='lat' dir='ltr'><strong>electro</strong></span> <span class='ocrx_word' id='word_1_23' title='bbox 395 559 529 618; x_wconf 90' lang='lat' dir='ltr'><strong>eampum</strong></span> <span class='ocrx_word' id='word_1_24' title='bbox 551 542 623 616; x_wconf 89' lang='lat' dir='ltr'><strong>petit</strong></span> <span class='ocrx_word' id='word_1_25' title='bbox 643 541 750 608; x_wconf 91' lang='lat' dir='ltr'><strong>amnis;</strong></span> <span class='ocrx_word' id='word_1_26' title='bbox 774 542 881 601; x_wconf 87' lang='lat' dir='ltr'><strong>alima</strong></span> 
     </span>
     <span class='ocr_line' id='line_1_5' title="bbox 141 622 1009 701; baseline 0.001 -19"><span class='ocrx_word' id='word_1_27' title='bbox 141 624 291 684; x_wconf 85' lang='lat' dir='ltr'><strong>solventur</strong></span> <span class='ocrx_word' id='word_1_28' title='bbox 311 624 416 693; x_wconf 89' lang='lat' dir='ltr'><strong>latera,</strong></span> <span class='ocrx_word' id='word_1_29' title='bbox 440 632 526 701; x_wconf 92' lang='lat' dir='ltr'><strong>atque</strong></span> <span class='ocrx_word' id='word_1_30' title='bbox 548 622 649 682; x_wconf 87' lang='lat' dir='ltr'><strong>oculos</strong></span> <span class='ocrx_word' id='word_1_31' title='bbox 670 631 772 701; x_wconf 82' lang='lat' dir='ltr'><strong>stupor</strong></span> <span class='ocrx_word' id='word_1_32' title='bbox 794 632 879 701; x_wconf 88' lang='lat' dir='ltr'><strong>urget</strong></span> <span class='ocrx_word' id='word_1_33' title='bbox 899 625 1009 692; x_wconf 90' lang='lat' dir='ltr'><strong>inertis,</strong></span> 
     </span>
     <span class='ocr_line' id='line_1_6' title="bbox 141 706 862 786; baseline 0 -20"><span class='ocrx_word' id='word_1_34' title='bbox 141 707 177 767; x_wconf 89' lang='lat' dir='ltr'><strong>ad</strong></span> <span class='ocrx_word' id='word_1_35' title='bbox 199 717 366 786; x_wconf 91' lang='lat' dir='ltr'><strong>terramque</strong></span> <span class='ocrx_word' id='word_1_36' title='bbox 387 708 451 767; x_wconf 88' lang='lat' dir='ltr'><strong>fluit</strong></span> <span class='ocrx_word' id='word_1_37' title='bbox 473 707 581 767; x_wconf 84' lang='lat' dir='ltr'><strong>devexo</strong></span> <span class='ocrx_word' id='word_1_38' title='bbox 604 706 734 784; x_wconf 91' lang='lat' dir='ltr'><strong>pondere</strong></span> <span class='ocrx_word' id='word_1_39' title='bbox 756 708 862 767; x_wconf 76' lang='lat' dir='ltr'><strong>servir.</strong></span> 
     </span>
    </p>

    <p class='ocr_par' dir='ltr' id='par_1_3' title="bbox 138 790 1155 1367">
     <span class='ocr_line' id='line_1_7' title="bbox 140 790 1155 868; baseline 0.004 -20"><span class='ocrx_word' id='word_1_40' title='bbox 140 791 209 868; x_wconf 91' lang='lat' dir='ltr'><strong>quid</strong></span> <span class='ocrx_word' id='word_1_41' title='bbox 231 790 315 850; x_wconf 84' lang='lat' dir='ltr'><strong>labor</strong></span> <span class='ocrx_word' id='word_1_42' title='bbox 336 800 386 851; x_wconf 90' lang='lat' dir='ltr'><strong>aut</strong></span> <span class='ocrx_word' id='word_1_43' title='bbox 406 791 557 850; x_wconf 83' lang='lat' dir='ltr'><strong>benefacta</strong></span> <span class='ocrx_word' id='word_1_44' title='bbox 579 791 693 850; x_wconf 76' lang='lat' dir='ltr'><strong>iuvant?</strong></span> <span class='ocrx_word' id='word_1_45' title='bbox 715 791 783 868; x_wconf 93' lang='lat' dir='ltr'><strong>quid</strong></span> <span class='ocrx_word' id='word_1_46' title='bbox 805 808 923 851; x_wconf 89' lang='lat' dir='ltr'><strong>vomere</strong></span> <span class='ocrx_word' id='word_1_47' title='bbox 945 799 1039 852; x_wconf 89' lang='lat' dir='ltr'><strong>terras</strong></span> <span class='ocrx_word' id='word_1_48' title='bbox 1099 808 1155 862; x_wconf 72' lang='lat'><strong>525</strong></span> 
     </span>
     <span class='ocr_line' id='line_1_8' title="bbox 139 874 878 952; baseline 0.004 -21"><span class='ocrx_word' id='word_1_49' title='bbox 139 875 290 934; x_wconf 81' lang='lat' dir='ltr'><strong>invertisse</strong></span> <span class='ocrx_word' id='word_1_50' title='bbox 313 875 425 951; x_wconf 75' lang='lat' dir='ltr'><strong>gravis?</strong></span> <span class='ocrx_word' id='word_1_51' title='bbox 447 875 525 952; x_wconf 92' lang='lat' dir='ltr'><strong>atqui</strong></span> <span class='ocrx_word' id='word_1_52' title='bbox 547 891 605 932; x_wconf 90' lang='lat' dir='ltr'><strong>non</strong></span> <span class='ocrx_word' id='word_1_53' title='bbox 628 874 748 934; x_wconf 87' lang='lat' dir='ltr'><strong>llassioa</strong></span> <span class='ocrx_word' id='word_1_54' title='bbox 771 874 878 934; x_wconf 79' lang='lat' dir='ltr'><strong>bacchi</strong></span> 
     </span>
     <span class='ocr_line' id='line_1_9' title="bbox 139 956 880 1035; baseline 0.003 -20"><span class='ocrx_word' id='word_1_55' title='bbox 139 974 277 1026; x_wconf 93' lang='lat' dir='ltr'><strong>munera,</strong></span> <span class='ocrx_word' id='word_1_56' title='bbox 301 976 359 1016; x_wconf 93' lang='lat' dir='ltr'><strong>non</strong></span> <span class='ocrx_word' id='word_1_57' title='bbox 380 957 436 1016; x_wconf 93' lang='lat' dir='ltr'><strong>illis</strong></span> <span class='ocrx_word' id='word_1_58' title='bbox 458 956 560 1034; x_wconf 83' lang='lat' dir='ltr'>epulae</span> <span class='ocrx_word' id='word_1_59' title='bbox 581 976 710 1018; x_wconf 84' lang='lat' dir='ltr'><strong>nocuere</strong></span> <span class='ocrx_word' id='word_1_60' title='bbox 731 966 880 1035; x_wconf 88' lang='lat' dir='ltr'><strong>repostae:</strong></span> 
     </span>
     <span class='ocr_line' id='line_1_10' title="bbox 139 1039 918 1118; baseline 0.005 -21"><span class='ocrx_word' id='word_1_61' title='bbox 139 1039 292 1100; x_wconf 78' lang='lat' dir='ltr'><strong>frondibus</strong></span> <span class='ocrx_word' id='word_1_62' title='bbox 314 1050 342 1100; x_wconf 90' lang='lat' dir='ltr'><strong>et</strong></span> <span class='ocrx_word' id='word_1_63' title='bbox 362 1040 439 1101; x_wconf 81' lang='lat' dir='ltr'><strong>victu</strong></span> <span class='ocrx_word' id='word_1_64' title='bbox 460 1049 620 1117; x_wconf 84' lang='lat' dir='ltr'><strong>pascuntur</strong></span> <span class='ocrx_word' id='word_1_65' title='bbox 642 1039 779 1118; x_wconf 88' lang='lat' dir='ltr'><strong>simplicis</strong></span> <span class='ocrx_word' id='word_1_66' title='bbox 800 1041 918 1111; x_wconf 83' lang='lat' dir='ltr'><strong>herbae,</strong></span> 
     </span>
     <span class='ocr_line' id='line_1_11' title="bbox 138 1122 936 1201; baseline 0.006 -21"><span class='ocrx_word' id='word_1_67' title='bbox 138 1122 243 1199; x_wconf 89' lang='lat' dir='ltr'><strong>poeula</strong></span> <span class='ocrx_word' id='word_1_68' title='bbox 265 1134 332 1183; x_wconf 91' lang='lat' dir='ltr'><strong>sunt</strong></span> <span class='ocrx_word' id='word_1_69' title='bbox 354 1124 449 1183; x_wconf 89' lang='lat' dir='ltr'><strong>fontes</strong></span> <span class='ocrx_word' id='word_1_70' title='bbox 470 1122 570 1201; x_wconf 89' lang='lat' dir='ltr'><strong>liquidi</strong></span> <span class='ocrx_word' id='word_1_71' title='bbox 593 1134 679 1200; x_wconf 92' lang='lat' dir='ltr'><strong>atque</strong></span> <span class='ocrx_word' id='word_1_72' title='bbox 701 1125 827 1185; x_wconf 80' lang='lat' dir='ltr'><strong>exercita</strong></span> <span class='ocrx_word' id='word_1_73' title='bbox 850 1143 936 1185; x_wconf 87' lang='lat' dir='ltr'><strong>eursu</strong></span> 
     </span>
     <span class='ocr_line' id='line_1_12' title="bbox 139 1205 906 1284; baseline 0.001 -19"><span class='ocrx_word' id='word_1_74' title='bbox 139 1205 272 1276; x_wconf 86' lang='lat' dir='ltr'><strong>flumina,</strong></span> <span class='ocrx_word' id='word_1_75' title='bbox 296 1226 350 1266; x_wconf 89' lang='lat' dir='ltr'><strong>nec</strong></span> <span class='ocrx_word' id='word_1_76' title='bbox 373 1225 491 1266; x_wconf 88' lang='lat' dir='ltr'><strong>somnos</strong></span> <span class='ocrx_word' id='word_1_77' title='bbox 513 1207 659 1284; x_wconf 82' lang='lat' dir='ltr'><strong>abrumpit</strong></span> <span class='ocrx_word' id='word_1_78' title='bbox 682 1227 750 1267; x_wconf 89' lang='lat' dir='ltr'><strong>eura</strong></span> <span class='ocrx_word' id='word_1_79' title='bbox 774 1207 906 1268; x_wconf 91' lang='lat' dir='ltr'><strong>salubris.</strong></span> 
     </span>
     <span class='ocr_line' id='line_1_13' title="bbox 138 1289 817 1367; baseline 0 -18"><span class='ocrx_word' id='word_1_80' title='bbox 138 1302 272 1366; x_wconf 91' lang='lat' dir='ltr'><strong>tempore</strong></span> <span class='ocrx_word' id='word_1_81' title='bbox 293 1309 352 1349; x_wconf 93' lang='lat' dir='ltr'><strong>non</strong></span> <span class='ocrx_word' id='word_1_82' title='bbox 374 1289 429 1350; x_wconf 93' lang='lat' dir='ltr'><strong>alio</strong></span> <span class='ocrx_word' id='word_1_83' title='bbox 452 1290 550 1350; x_wconf 90' lang='lat' dir='ltr'><strong>dieunt</strong></span> <span class='ocrx_word' id='word_1_84' title='bbox 571 1290 740 1367; x_wconf 83' lang='lat' dir='ltr'><strong>regionibus</strong></span> <span class='ocrx_word' id='word_1_85' title='bbox 761 1290 817 1350; x_wconf 88' lang='lat' dir='ltr'><strong>illis</strong></span> 
     </span>
    </p>

    <p class='ocr_par' dir='ltr' id='par_1_4' title="bbox 138 1374 829 1450">
     <span class='ocr_line' id='line_1_14' title="bbox 138 1374 829 1450; baseline 0.001 -18"><span class='ocrx_word' id='word_1_86' title='bbox 138 1375 283 1450; x_wconf 88' lang='lat' dir='ltr'><strong>quaesitas</strong></span> <span class='ocrx_word' id='word_1_87' title='bbox 305 1375 341 1434; x_wconf 92' lang='lat' dir='ltr'><strong>ad</strong></span> <span class='ocrx_word' id='word_1_88' title='bbox 363 1391 446 1434; x_wconf 88' lang='lat' dir='ltr'><strong>sacra</strong></span> <span class='ocrx_word' id='word_1_89' title='bbox 467 1374 557 1433; x_wconf 84' lang='lat' dir='ltr'><strong>boves</strong></span> <span class='ocrx_word' id='word_1_90' title='bbox 578 1374 696 1433; x_wconf 90' lang='lat' dir='ltr'><strong>lunonis</strong></span> <span class='ocrx_word' id='word_1_91' title='bbox 719 1382 747 1433; x_wconf 90' lang='lat' dir='ltr'><strong>et</strong></span> <span class='ocrx_word' id='word_1_92' title='bbox 768 1375 829 1434; x_wconf 92' lang='lat' dir='ltr'><strong>uris</strong></span> 
     </span>
    </p>

    <p class='ocr_par' dir='ltr' id='par_1_5' title="bbox 138 1456 827 1533">
     <span class='ocr_line' id='line_1_15' title="bbox 138 1456 827 1533; baseline 0.003 -19"><span class='ocrx_word' id='word_1_93' title='bbox 138 1457 288 1533; x_wconf 83' lang='lat' dir='ltr'><strong>inparibus</strong></span> <span class='ocrx_word' id='word_1_94' title='bbox 310 1457 413 1517; x_wconf 88' lang='lat' dir='ltr'><strong>ductos</strong></span> <span class='ocrx_word' id='word_1_95' title='bbox 436 1456 492 1517; x_wconf 86' lang='lat' dir='ltr'><strong>alta</strong></span> <span class='ocrx_word' id='word_1_96' title='bbox 513 1458 550 1517; x_wconf 91' lang='lat' dir='ltr'><strong>ad</strong></span> <span class='ocrx_word' id='word_1_97' title='bbox 572 1458 691 1517; x_wconf 89' lang='lat' dir='ltr'><strong>donaria</strong></span> <span class='ocrx_word' id='word_1_98' title='bbox 714 1476 827 1517; x_wconf 74' lang='lat' dir='ltr'><strong>currus,</strong></span> 
     </span>
    </p>

    <p class='ocr_par' dir='ltr' id='par_1_6' title="bbox 137 1541 998 1783">
     <span class='ocr_line' id='line_1_16' title="bbox 138 1541 895 1618; baseline 0.005 -21"><span class='ocrx_word' id='word_1_99' title='bbox 138 1557 209 1616; x_wconf 90' lang='lat' dir='ltr'><strong>ergo</strong></span> <span class='ocrx_word' id='word_1_100' title='bbox 232 1560 319 1618; x_wconf 87' lang='lat' dir='ltr'><strong>aegre</strong></span> <span class='ocrx_word' id='word_1_101' title='bbox 341 1541 443 1601; x_wconf 87' lang='lat' dir='ltr'><strong>rastris</strong></span> <span class='ocrx_word' id='word_1_102' title='bbox 465 1550 574 1601; x_wconf 89' lang='lat' dir='ltr'><strong>terram</strong></span> <span class='ocrx_word' id='word_1_103' title='bbox 595 1542 752 1610; x_wconf 83' lang='lat' dir='ltr'><strong>rimantur,</strong></span> <span class='ocrx_word' id='word_1_104' title='bbox 775 1550 804 1600; x_wconf 90' lang='lat' dir='ltr'><strong>et</strong></span> <span class='ocrx_word' id='word_1_105' title='bbox 824 1542 895 1618; x_wconf 93' lang='lat' dir='ltr'><strong>ipsis</strong></span> 
     </span>
     <span class='ocr_line' id='line_1_17' title="bbox 137 1623 998 1702; baseline 0.003 -21"><span class='ocrx_word' id='word_1_106' title='bbox 137 1623 284 1698; x_wconf 92' lang='lat' dir='ltr'><strong>unguibus</strong></span> <span class='ocrx_word' id='word_1_107' title='bbox 306 1624 450 1685; x_wconf 82' lang='lat' dir='ltr'><strong>infodiunt</strong></span> <span class='ocrx_word' id='word_1_108' title='bbox 471 1625 585 1701; x_wconf 88' lang='lat' dir='ltr'><strong>fruges,</strong></span> <span class='ocrx_word' id='word_1_109' title='bbox 608 1626 773 1702; x_wconf 89' lang='lat' dir='ltr'><strong>montisque</strong></span> <span class='ocrx_word' id='word_1_110' title='bbox 794 1643 847 1701; x_wconf 91' lang='lat' dir='ltr'><strong>per</strong></span> <span class='ocrx_word' id='word_1_111' title='bbox 869 1623 941 1684; x_wconf 90' lang='lat' dir='ltr'><strong>altos</strong></span> <span class='ocrx_word' id='word_1_112' title='bbox 980 1662 998 1672; x_wconf 89' lang='lat'>-</span> 
     </span>
     <span class='ocr_line' id='line_1_18' title="bbox 138 1706 875 1783; baseline 0.004 -20"><span class='ocrx_word' id='word_1_113' title='bbox 138 1713 272 1765; x_wconf 84' lang='lat' dir='ltr'><strong>contenta</strong></span> <span class='ocrx_word' id='word_1_114' title='bbox 295 1709 407 1767; x_wconf 76' lang='lat' dir='ltr'><strong>ceruice</strong></span> <span class='ocrx_word' id='word_1_115' title='bbox 428 1707 548 1766; x_wconf 89' lang='lat' dir='ltr'><strong>trabunt</strong></span> <span class='ocrx_word' id='word_1_116' title='bbox 568 1708 717 1766; x_wconf 88' lang='lat' dir='ltr'><strong>stridentia</strong></span> <span class='ocrx_word' id='word_1_117' title='bbox 738 1706 875 1783; x_wconf 79' lang='lat' dir='ltr'><strong>plausua.</strong></span> 
     </span>
    </p>

    <p class='ocr_par' dir='ltr' id='par_1_7' title="bbox 136 1789 835 1865">
     <span class='ocr_line' id='line_1_19' title="bbox 136 1789 835 1865; baseline 0.007 -19"><span class='ocrx_word' id='word_1_118' title='bbox 136 1805 195 1846; x_wconf 92' lang='lat' dir='ltr'><strong>non</strong></span> <span class='ocrx_word' id='word_1_119' title='bbox 218 1789 304 1865; x_wconf 90' lang='lat' dir='ltr'><strong>lupus</strong></span> <span class='ocrx_word' id='word_1_120' title='bbox 326 1790 443 1848; x_wconf 92' lang='lat' dir='ltr'><strong>insidias</strong></span> <span class='ocrx_word' id='word_1_121' title='bbox 466 1789 597 1865; x_wconf 88' lang='lat' dir='ltr'><strong>explorat</strong></span> <span class='ocrx_word' id='word_1_122' title='bbox 619 1789 702 1849; x_wconf 86' lang='lat' dir='ltr'><strong>ovilia</strong></span> <span class='ocrx_word' id='word_1_123' title='bbox 725 1791 835 1851; x_wconf 84' lang='lat' dir='ltr'><strong>circum</strong></span> 
     </span>
    </p>

    <p class='ocr_par' dir='ltr' id='par_1_8' title="bbox 135 1871 1037 2366">
     <span class='ocr_line' id='line_1_20' title="bbox 136 1871 956 1949; baseline 0.006 -19"><span class='ocrx_word' id='word_1_124' title='bbox 136 1889 191 1931; x_wconf 90' lang='lat' dir='ltr'><strong>neo</strong></span> <span class='ocrx_word' id='word_1_125' title='bbox 213 1872 351 1949; x_wconf 80' lang='lat' dir='ltr'><strong>gregibus</strong></span> <span class='ocrx_word' id='word_1_126' title='bbox 372 1880 533 1931; x_wconf 90' lang='lat' dir='ltr'><strong>nocturnus</strong></span> <span class='ocrx_word' id='word_1_127' title='bbox 556 1871 737 1932; x_wconf 89' lang='lat' dir='ltr'><strong>obambulat:</strong></span> <span class='ocrx_word' id='word_1_128' title='bbox 759 1875 854 1934; x_wconf 87' lang='lat' dir='ltr'><strong>aerior</strong></span> <span class='ocrx_word' id='word_1_129' title='bbox 876 1873 956 1935; x_wconf 91' lang='lat' dir='ltr'><strong>illum</strong></span> 
     </span>
     <span class='ocr_line' id='line_1_21' title="bbox 137 1955 911 2033; baseline 0.003 -19"><span class='ocrx_word' id='word_1_130' title='bbox 137 1973 207 2015; x_wconf 89' lang='lat' dir='ltr'><strong>eura</strong></span> <span class='ocrx_word' id='word_1_131' title='bbox 230 1956 343 2023; x_wconf 78' lang='lat' dir='ltr'><strong>domat:</strong></span> <span class='ocrx_word' id='word_1_132' title='bbox 366 1955 457 2014; x_wconf 89' lang='lat' dir='ltr'><strong>timidi</strong></span> <span class='ocrx_word' id='word_1_133' title='bbox 480 1956 612 2016; x_wconf 91' lang='lat' dir='ltr'><strong>dammae</strong></span> <span class='ocrx_word' id='word_1_134' title='bbox 635 1957 769 2033; x_wconf 82' lang='lat' dir='ltr'><strong>cervique</strong></span> <span class='ocrx_word' id='word_1_135' title='bbox 792 1958 911 2033; x_wconf 85' lang='lat' dir='ltr'><strong>fugaces</strong></span> 
     </span>
     <span class='ocr_line' id='line_1_22' title="bbox 136 2039 932 2118; baseline 0.003 -22"><span class='ocrx_word' id='word_1_136' title='bbox 136 2055 215 2098; x_wconf 88' lang='lat' dir='ltr'><strong>nunc</strong></span> <span class='ocrx_word' id='word_1_137' title='bbox 237 2039 371 2118; x_wconf 91' lang='lat' dir='ltr'><strong>interque</strong></span> <span class='ocrx_word' id='word_1_138' title='bbox 393 2057 482 2099; x_wconf 86' lang='lat' dir='ltr'><strong>canes</strong></span> <span class='ocrx_word' id='word_1_139' title='bbox 504 2048 533 2099; x_wconf 90' lang='lat' dir='ltr'><strong>et</strong></span> <span class='ocrx_word' id='word_1_140' title='bbox 554 2040 664 2100; x_wconf 81' lang='lat' dir='ltr'><strong>circum</strong></span> <span class='ocrx_word' id='word_1_141' title='bbox 686 2047 761 2100; x_wconf 87' lang='lat' dir='ltr'><strong>tecta</strong></span> <span class='ocrx_word' id='word_1_142' title='bbox 782 2048 932 2116; x_wconf 80' lang='lat' dir='ltr'><strong>vagantur.</strong></span> 
     </span>
     <span class='ocr_line' id='line_1_23' title="bbox 136 2122 1037 2201; baseline -0.001 -18"><span class='ocrx_word' id='word_1_143' title='bbox 136 2123 193 2183; x_wconf 92' lang='lat' dir='ltr'><strong>iam</strong></span> <span class='ocrx_word' id='word_1_144' title='bbox 215 2123 304 2183; x_wconf 89' lang='lat' dir='ltr'><strong>maris</strong></span> <span class='ocrx_word' id='word_1_145' title='bbox 325 2124 459 2183; x_wconf 88' lang='lat' dir='ltr'><strong>immensi</strong></span> <span class='ocrx_word' id='word_1_146' title='bbox 479 2122 593 2199; x_wconf 92' lang='lat' dir='ltr'><strong>prolem</strong></span> <span class='ocrx_word' id='word_1_147' title='bbox 616 2132 645 2183; x_wconf 92' lang='lat' dir='ltr'><strong>et</strong></span> <span class='ocrx_word' id='word_1_148' title='bbox 666 2141 757 2201; x_wconf 89' lang='lat' dir='ltr'><strong>genus</strong></span> <span class='ocrx_word' id='word_1_149' title='bbox 779 2141 866 2184; x_wconf 90' lang='lat' dir='ltr'><strong>omne</strong></span> <span class='ocrx_word' id='word_1_150' title='bbox 887 2130 1037 2183; x_wconf 91' lang='lat' dir='ltr'><strong>natantum</strong></span> 
     </span>
     <span class='ocr_line' id='line_1_24' title="bbox 135 2203 931 2283; baseline 0.003 -19"><span class='ocrx_word' id='word_1_151' title='bbox 135 2203 221 2264; x_wconf 92' lang='lat' dir='ltr'><strong>litore</strong></span> <span class='ocrx_word' id='word_1_152' title='bbox 237 2207 267 2264; x_wconf 93' lang='lat' dir='ltr'><strong>in</strong></span> <span class='ocrx_word' id='word_1_153' title='bbox 290 2216 419 2266; x_wconf 84' lang='lat' dir='ltr'><strong>extremo</strong></span> <span class='ocrx_word' id='word_1_154' title='bbox 443 2225 496 2266; x_wconf 90' lang='lat' dir='ltr'><strong>ceu</strong></span> <span class='ocrx_word' id='word_1_155' title='bbox 518 2208 657 2282; x_wconf 87' lang='lat' dir='ltr'><strong>naufraga</strong></span> <span class='ocrx_word' id='word_1_156' title='bbox 680 2225 805 2283; x_wconf 88' lang='lat' dir='ltr'><strong>corpora</strong></span> <span class='ocrx_word' id='word_1_157' title='bbox 826 2208 931 2267; x_wconf 89' lang='lat' dir='ltr'><strong>fluetus</strong></span> 
     </span>
     <span class='ocr_line' id='line_1_25' title="bbox 136 2287 882 2366; baseline 0.001 -18"><span class='ocrx_word' id='word_1_158' title='bbox 136 2287 258 2363; x_wconf 88' lang='lat' dir='ltr'><strong>proluit;</strong></span> <span class='ocrx_word' id='word_1_159' title='bbox 281 2287 413 2350; x_wconf 85' lang='lat' dir='ltr'><strong>insolitae</strong></span> <span class='ocrx_word' id='word_1_160' title='bbox 434 2290 549 2366; x_wconf 91' lang='lat' dir='ltr'><strong>fugiunt</strong></span> <span class='ocrx_word' id='word_1_161' title='bbox 570 2291 599 2347; x_wconf 92' lang='lat' dir='ltr'><strong>in</strong></span> <span class='ocrx_word' id='word_1_162' title='bbox 621 2291 741 2349; x_wconf 92' lang='lat' dir='ltr'><strong>flumina</strong></span> <span class='ocrx_word' id='word_1_163' title='bbox 762 2290 882 2366; x_wconf 83' lang='lat' dir='ltr'><strong>phocae.</strong></span> 
     </span>
    </p>

    <p class='ocr_par' dir='ltr' id='par_1_9' title="bbox 135 2372 814 2434">
     <span class='ocr_line' id='line_1_26' title="bbox 135 2372 814 2434; baseline 0.001 -3"><span class='ocrx_word' id='word_1_164' title='bbox 135 2373 234 2432; x_wconf 91' lang='lat' dir='ltr'><strong>interit</strong></span> <span class='ocrx_word' id='word_1_165' title='bbox 255 2381 283 2433; x_wconf 93' lang='lat' dir='ltr'><strong>et</strong></span> <span class='ocrx_word' id='word_1_166' title='bbox 305 2374 401 2433; x_wconf 85' lang='lat' dir='ltr'><strong>curvis</strong></span> <span class='ocrx_word' id='word_1_167' title='bbox 423 2372 532 2433; x_wconf 88' lang='lat' dir='ltr'><strong>frustra</strong></span> <span class='ocrx_word' id='word_1_168' title='bbox 553 2374 671 2433; x_wconf 88' lang='lat' dir='ltr'><strong>defensa</strong></span> <span class='ocrx_word' id='word_1_169' title='bbox 693 2373 814 2434; x_wconf 89' lang='lat' dir='ltr'><strong>latebris</strong></span> 
     </span>
    </p>

    <p class='ocr_par' dir='ltr' id='par_1_10' title="bbox 136 2456 887 2535">
     <span class='ocr_line' id='line_1_27' title="bbox 136 2456 887 2535; baseline 0.001 -22"><span class='ocrx_word' id='word_1_170' title='bbox 136 2457 234 2534; x_wconf 83' lang='lat' dir='ltr'><strong>vipera</strong></span> <span class='ocrx_word' id='word_1_171' title='bbox 257 2467 285 2517; x_wconf 92' lang='lat' dir='ltr'><strong>et</strong></span> <span class='ocrx_word' id='word_1_172' title='bbox 308 2458 419 2517; x_wconf 90' lang='lat' dir='ltr'><strong>attoniti</strong></span> <span class='ocrx_word' id='word_1_173' title='bbox 442 2458 570 2535; x_wconf 90' lang='lat' dir='ltr'><strong>squamis</strong></span> <span class='ocrx_word' id='word_1_174' title='bbox 592 2456 772 2517; x_wconf 87' lang='lat' dir='ltr'><strong>adstantibus</strong></span> <span class='ocrx_word' id='word_1_175' title='bbox 794 2457 887 2534; x_wconf 88' lang='lat' dir='ltr'><strong>hydri.</strong></span> 
     </span>
    </p>

    <p class='ocr_par' dir='ltr' id='par_1_11' title="bbox 135 2539 913 3033">
     <span class='ocr_line' id='line_1_28' title="bbox 135 2539 829 2618; baseline 0.003 -21"><span class='ocrx_word' id='word_1_176' title='bbox 135 2540 205 2616; x_wconf 90' lang='lat' dir='ltr'><strong>ipsis</strong></span> <span class='ocrx_word' id='word_1_177' title='bbox 227 2550 271 2601; x_wconf 92' lang='lat' dir='ltr'><strong>est</strong></span> <span class='ocrx_word' id='word_1_178' title='bbox 293 2546 343 2601; x_wconf 77' lang='lat' dir='ltr'><strong>aer</strong></span> <span class='ocrx_word' id='word_1_179' title='bbox 365 2541 465 2601; x_wconf 87' lang='lat' dir='ltr'><strong>avibus</strong></span> <span class='ocrx_word' id='word_1_180' title='bbox 487 2559 546 2599; x_wconf 90' lang='lat' dir='ltr'><strong>non</strong></span> <span class='ocrx_word' id='word_1_181' title='bbox 567 2559 690 2618; x_wconf 83' lang='lat' dir='ltr'><strong>aequos,</strong></span> <span class='ocrx_word' id='word_1_182' title='bbox 713 2549 742 2601; x_wconf 91' lang='lat' dir='ltr'><strong>et</strong></span> <span class='ocrx_word' id='word_1_183' title='bbox 763 2539 829 2600; x_wconf 90' lang='lat' dir='ltr'><strong>illae</strong></span> 
     </span>
     <span class='ocr_line' id='line_1_29' title="bbox 135 2623 870 2701; baseline 0.001 -20"><span class='ocrx_word' id='word_1_184' title='bbox 135 2624 309 2701; x_wconf 84' lang='lat' dir='ltr'><strong>praecipites</strong></span> <span class='ocrx_word' id='word_1_185' title='bbox 331 2623 387 2685; x_wconf 86' lang='lat' dir='ltr'><strong>alta</strong></span> <span class='ocrx_word' id='word_1_186' title='bbox 410 2626 497 2684; x_wconf 87' lang='lat' dir='ltr'><strong>vitam</strong></span> <span class='ocrx_word' id='word_1_187' title='bbox 520 2624 574 2684; x_wconf 92' lang='lat' dir='ltr'><strong>sub</strong></span> <span class='ocrx_word' id='word_1_188' title='bbox 596 2624 674 2684; x_wconf 89' lang='lat' dir='ltr'><strong>nube</strong></span> <span class='ocrx_word' id='word_1_189' title='bbox 696 2623 870 2700; x_wconf 89' lang='lat' dir='ltr'><strong>relinquent.</strong></span> 
     </span>
     <span class='ocr_line' id='line_1_30' title="bbox 135 2707 821 2785; baseline 0 -19"><span class='ocrx_word' id='word_1_190' title='bbox 135 2715 287 2783; x_wconf 92' lang='lat' dir='ltr'><strong>praeterea</strong></span> <span class='ocrx_word' id='word_1_191' title='bbox 308 2726 364 2767; x_wconf 91' lang='lat' dir='ltr'><strong>nee</strong></span> <span class='ocrx_word' id='word_1_192' title='bbox 385 2710 491 2768; x_wconf 92' lang='lat' dir='ltr'><strong>mutari</strong></span> <span class='ocrx_word' id='word_1_193' title='bbox 512 2709 570 2767; x_wconf 92' lang='lat' dir='ltr'><strong>iam</strong></span> <span class='ocrx_word' id='word_1_194' title='bbox 591 2707 699 2785; x_wconf 90' lang='lat' dir='ltr'><strong>pabula</strong></span> <span class='ocrx_word' id='word_1_195' title='bbox 720 2708 821 2776; x_wconf 81' lang='lat' dir='ltr'><strong>refert,</strong></span> 
     </span>
     <span class='ocr_line' id='line_1_31' title="bbox 137 2791 874 2868; baseline 0.003 -21"><span class='ocrx_word' id='word_1_196' title='bbox 137 2793 341 2868; x_wconf 90' lang='lat' dir='ltr'><strong>quaesitaeque</strong></span> <span class='ocrx_word' id='word_1_197' title='bbox 362 2799 469 2850; x_wconf 88' lang='lat' dir='ltr'><strong>nocent</strong></span> <span class='ocrx_word' id='word_1_198' title='bbox 489 2798 582 2857; x_wconf 90' lang='lat' dir='ltr'><strong>artes;</strong></span> <span class='ocrx_word' id='word_1_199' title='bbox 606 2807 722 2850; x_wconf 87' lang='lat' dir='ltr'><strong>cessere</strong></span> <span class='ocrx_word' id='word_1_200' title='bbox 744 2791 874 2867; x_wconf 86' lang='lat' dir='ltr'><strong>magistri</strong></span> 
     </span>
     <span class='ocr_line' id='line_1_32' title="bbox 135 2871 913 2952; baseline 0.005 -23"><span class='ocrx_word' id='word_1_201' title='bbox 135 2871 305 2950; x_wconf 77' lang='lat' dir='ltr'><strong>Phillyrides</strong></span> <span class='ocrx_word' id='word_1_202' title='bbox 328 2872 435 2931; x_wconf 86' lang='lat' dir='ltr'><strong>Chiron</strong></span> <span class='ocrx_word' id='word_1_203' title='bbox 456 2872 723 2950; x_wconf 76' lang='lat' dir='ltr'><strong>Amythaoniusque</strong></span> <span class='ocrx_word' id='word_1_204' title='bbox 744 2873 913 2952; x_wconf 88' lang='lat' dir='ltr'><strong>Melampus.</strong></span> 
     </span>
     <span class='ocr_line' id='line_1_33' title="bbox 135 2954 849 3033; baseline 0.007 -21"><span class='ocrx_word' id='word_1_205' title='bbox 135 2955 225 3013; x_wconf 88' lang='lat' dir='ltr'><strong>saevit</strong></span> <span class='ocrx_word' id='word_1_206' title='bbox 247 2964 275 3013; x_wconf 87' lang='lat' dir='ltr'><strong>et</strong></span> <span class='ocrx_word' id='word_1_207' title='bbox 296 2956 325 3012; x_wconf 91' lang='lat' dir='ltr'><strong>in</strong></span> <span class='ocrx_word' id='word_1_208' title='bbox 347 2954 443 3015; x_wconf 86' lang='lat' dir='ltr'><strong>lucem</strong></span> <span class='ocrx_word' id='word_1_209' title='bbox 466 2955 571 3033; x_wconf 79' lang='lat' dir='ltr'><strong>Stygiis</strong></span> <span class='ocrx_word' id='word_1_210' title='bbox 594 2957 698 3015; x_wconf 89' lang='lat' dir='ltr'><strong>emissa</strong></span> <span class='ocrx_word' id='word_1_211' title='bbox 720 2956 849 3017; x_wconf 92' lang='lat' dir='ltr'><strong>tenebris</strong></span> 
     </span>
    </p>

    <p class='ocr_par' dir='ltr' id='par_1_12' title="bbox 134 3037 927 3200">
     <span class='ocr_line' id='line_1_34' title="bbox 134 3037 927 3119; baseline 0.008 -23"><span class='ocrx_word' id='word_1_212' title='bbox 134 3037 240 3118; x_wconf 90' lang='lat' dir='ltr'><strong>pallida</strong></span> <span class='ocrx_word' id='word_1_213' title='bbox 262 3038 420 3115; x_wconf 88' lang='lat' dir='ltr'><strong>Tisiphone</strong></span> <span class='ocrx_word' id='word_1_214' title='bbox 442 3038 560 3098; x_wconf 89' lang='lat' dir='ltr'><strong>Morbos</strong></span> <span class='ocrx_word' id='word_1_215' title='bbox 582 3040 641 3116; x_wconf 90' lang='lat' dir='ltr'><strong>agit</strong></span> <span class='ocrx_word' id='word_1_216' title='bbox 662 3047 729 3100; x_wconf 93' lang='lat' dir='ltr'><strong>ante</strong></span> <span class='ocrx_word' id='word_1_217' title='bbox 750 3040 927 3119; x_wconf 81' lang='lat' dir='ltr'><strong>Metumque,</strong></span> 
     </span>
     <span class='ocr_line' id='line_1_35' title="bbox 142 3122 916 3200; baseline 0.003 -20"><span class='ocrx_word' id='word_1_218' title='bbox 142 3138 222 3197; x_wconf 91' lang='lat' dir='ltr'><strong>nque</strong></span> <span class='ocrx_word' id='word_1_219' title='bbox 244 3122 305 3181; x_wconf 91' lang='lat' dir='ltr'><strong>dies</strong></span> <span class='ocrx_word' id='word_1_220' title='bbox 327 3122 441 3182; x_wconf 89' lang='lat' dir='ltr'><strong>avidum</strong></span> <span class='ocrx_word' id='word_1_221' title='bbox 464 3141 588 3200; x_wconf 88' lang='lat' dir='ltr'><strong>surgens</strong></span> <span class='ocrx_word' id='word_1_222' title='bbox 609 3133 696 3200; x_wconf 90' lang='lat' dir='ltr'><strong>eaput</strong></span> <span class='ocrx_word' id='word_1_223' title='bbox 718 3123 801 3183; x_wconf 93' lang='lat' dir='ltr'><strong>altius</strong></span> <span class='ocrx_word' id='word_1_224' title='bbox 824 3125 916 3185; x_wconf 86' lang='lat' dir='ltr'><strong>effert.</strong></span> 
     </span>
    </p>
   </div>
   <div class='ocr_carea' id='block_1_3' title="bbox 123 3199 999 3536">
    <p class='ocr_par' dir='ltr' id='par_1_13' title="bbox 123 3199 879 3371">
     <span class='ocr_line' id='line_1_36' title="bbox 123 3199 879 3282; baseline 0.008 -20"><span class='ocrx_word' id='word_1_225' title='bbox 123 3199 238 3279; x_wconf 81' lang='lat' dir='ltr'><strong>[balatu</strong></span> <span class='ocrx_word' id='word_1_226' title='bbox 252 3220 394 3282; x_wconf 86' lang='lat' dir='ltr'><strong>pecorum</strong></span> <span class='ocrx_word' id='word_1_227' title='bbox 411 3213 439 3265; x_wconf 93' lang='lat' dir='ltr'><strong>et</strong></span> <span class='ocrx_word' id='word_1_228' title='bbox 467 3206 578 3266; x_wconf 83' lang='lat' dir='ltr'><strong>crebris</strong></span> <span class='ocrx_word' id='word_1_229' title='bbox 600 3207 758 3282; x_wconf 90' lang='lat' dir='ltr'><strong>mugitibus</strong></span> <span class='ocrx_word' id='word_1_230' title='bbox 779 3226 879 3268; x_wconf 90' lang='lat' dir='ltr'><strong>amnes</strong></span> 
     </span>
     <span class='ocr_line' id='line_1_37' title="bbox 132 3290 842 3371; baseline 0.004 -23"><span class='ocrx_word' id='word_1_231' title='bbox 132 3297 305 3369; x_wconf 87' lang='lat' dir='ltr'><strong>arentesque</strong></span> <span class='ocrx_word' id='word_1_232' title='bbox 327 3300 431 3352; x_wconf 88' lang='lat' dir='ltr'><strong>sonant</strong></span> <span class='ocrx_word' id='word_1_233' title='bbox 453 3291 534 3369; x_wconf 89' lang='lat' dir='ltr'><strong>ripae</strong></span> <span class='ocrx_word' id='word_1_234' title='bbox 557 3290 702 3368; x_wconf 87' lang='lat' dir='ltr'><strong>collesque</strong></span> <span class='ocrx_word' id='word_1_235' title='bbox 724 3292 842 3371; x_wconf 82' lang='lat' dir='ltr'><strong>supini]</strong></span> 
     </span>
    </p>

    <p class='ocr_par' dir='ltr' id='par_1_14' title="bbox 131 3373 999 3536">
     <span class='ocr_line' id='line_1_38' title="bbox 131 3373 999 3452; baseline 0.002 -22"><span class='ocrx_word' id='word_1_236' title='bbox 131 3373 245 3449; x_wconf 91' lang='lat' dir='ltr'><strong>iamque</strong></span> <span class='ocrx_word' id='word_1_237' title='bbox 268 3377 435 3435; x_wconf 86' lang='lat' dir='ltr'><strong>catervatim</strong></span> <span class='ocrx_word' id='word_1_238' title='bbox 461 3375 509 3433; x_wconf 88' lang='lat' dir='ltr'><strong>dat</strong></span> <span class='ocrx_word' id='word_1_239' title='bbox 531 3383 657 3451; x_wconf 88' lang='lat' dir='ltr'><strong>stragem</strong></span> <span class='ocrx_word' id='word_1_240' title='bbox 680 3380 766 3451; x_wconf 92' lang='lat' dir='ltr'><strong>atque</strong></span> <span class='ocrx_word' id='word_1_241' title='bbox 788 3381 909 3452; x_wconf 84' lang='lat' dir='ltr'><strong>aggerat</strong></span> <span class='ocrx_word' id='word_1_242' title='bbox 929 3374 999 3450; x_wconf 82' lang='lat' dir='ltr'><strong>ipsis</strong></span> 
     </span>
     <span class='ocr_line' id='line_1_39' title="bbox 131 3456 801 3536; baseline 0.004 -21"><span class='ocrx_word' id='word_1_243' title='bbox 131 3457 162 3515; x_wconf 91' lang='lat' dir='ltr'><strong>in</strong></span> <span class='ocrx_word' id='word_1_244' title='bbox 184 3456 304 3518; x_wconf 89' lang='lat' dir='ltr'><strong>stabulis</strong></span> <span class='ocrx_word' id='word_1_245' title='bbox 327 3461 404 3536; x_wconf 88' lang='lat' dir='ltr'><strong>turpi</strong></span> <span class='ocrx_word' id='word_1_246' title='bbox 430 3456 537 3534; x_wconf 90' lang='lat' dir='ltr'><strong>dilapsa</strong></span> <span class='ocrx_word' id='word_1_247' title='bbox 561 3457 701 3518; x_wconf 86' lang='lat' dir='ltr'><strong>cadavera</strong></span> <span class='ocrx_word' id='word_1_248' title='bbox 723 3457 801 3527; x_wconf 90' lang='lat' dir='ltr'><strong>tabe,</strong></span> 
     </span>
    </p>
   </div>
   <div class='ocr_carea' id='block_1_4' title="bbox 0 0 1204 3878">
    <p class='ocr_par' dir='ltr' id='par_1_15' title="bbox 0 0 1204 3878">
     <span class='ocr_line' id='line_1_40' title="bbox 0 0 1204 3878; baseline 0 2"><span class='ocrx_word' id='word_1_249' title='bbox 0 0 1204 3878; x_wconf 95' lang='lat' dir='ltr'><strong> </strong></span> 
     </span>
    </p>
   </div>
  </div>
 </body>
</html>
