2400 3878
422 207 566 256 VERGILI
587 207 726 257 ECLOGA
748 210 783 255 Vl

224 360 355 440 Namque
377 361 515 433 canebat,
537 363 578 423 uti
598 378 736 439 magnum
759 379 812 440 per
833 363 919 423 inane
941 374 1043 425 coacta

223 446 333 505 semina
355 451 560 524 terrarumque
581 447 752 524 animaeque
773 447 919 524 marisque
940 448 1068 509 hrissent

224 535 253 590 et
272 529 374 607 liquidi
396 528 482 591 simul
503 530 593 606 ignis3
615 530 714 590 uthis
736 530 855 590 exordia
877 530 979 607 primis

224 614 320 672 omnia
343 620 370 672 et
392 614 454 690 ipse
477 619 558 673 tener
579 612 681 673 mundi
702 615 883 673 concreverit
904 614 998 682 orhis;

223 702 285 756 tum
307 696 415 756 durare
437 695 531 756 solum
553 703 582 756 et
603 695 768 756 discludere
789 697 883 757 Nerea
904 704 994 773 ponto
1073 709 1110 765 35

224 780 353 855 coeperit
380 789 411 841 et
438 797 540 840 rerum
561 778 700 856 paulatim
721 797 838 840 sumere
860 780 982 849 lormas;

222 863 338 939 iamque
359 880 466 923 novom
486 869 583 923 terrae
605 870 738 942 stupeant
758 863 907 924 lucescere
929 863 1030 934 solem,

222 943 307 1005 altius
328 953 415 1023 atque
438 945 542 1006 cadant
563 948 715 1007 summotis
736 945 863 1007 nubibus
884 947 1008 1017 imbres;

222 1028 361 1106 incipiant
382 1028 471 1090 silvae
492 1048 560 1090 cum
581 1032 708 1107 primum
730 1046 865 1106 surgere,
890 1048 1014 1109 cumque

222 1129 290 1171 rara
313 1128 366 1189 per
388 1113 508 1189 ignaros
529 1120 629 1173 errent
650 1113 783 1173 animalia
805 1115 921 1173 montis.
1072 1125 1107 1180 40

222 1194 291 1254 hinc
311 1194 422 1273 lapides
443 1197 573 1274 Pyrrhae
594 1198 699 1266 iactos,
723 1196 856 1257 Saturnia
877 1213 979 1274 regna,

223 1276 442 1358 Caucaseasque
469 1280 561 1339 reiert
581 1279 715 1340 volucres
738 1280 906 1358 furtumque
926 1281 1105 1344 Promethei.

226 1362 272 1423 his
293 1363 436 1440 adiungit,
459 1362 552 1441 Hylan
573 1371 678 1423 nautae
700 1381 758 1441 quo
781 1363 860 1424 tonte
882 1363 1014 1426 relictum

224 1445 411 1518 clamassent,
433 1452 466 1509 ut
486 1446 554 1508 litus
577 1447 658 1527 ‘Hyla
679 1446 758 1527 Hyla’
782 1466 869 1509 omne
891 1455 1022 1517 sonaret;

226 1539 255 1592 et
276 1533 461 1602 fortunatam,
485 1533 509 1591 si
530 1550 691 1611 numquam
712 1540 844 1593 armenta
865 1533 994 1602 hrissent,
1070 1543 1106 1603 aa

221 1614 384 1692 Pasiphaen
406 1616 482 1677 nivei
503 1616 614 1678 solatur
635 1635 736 1677 amore
757 1617 880 1677 iuvenci.

222 1715 240 1756 a
261 1699 342 1773 virgo
364 1699 476 1766 infelix,
499 1718 574 1775 quae
595 1706 624 1758 to
647 1700 790 1758 dementia
812 1700 900 1775 cepit!

221 1779 373 1838 Proetides
388 1779 549 1857 implerunt
563 1780 643 1838 salsis
664 1780 821 1856 mugitibus
843 1798 939 1856 agros,

221 1867 251 1921 at
271 1879 330 1920 non
353 1869 412 1921 tarn
433 1867 527 1937 turpis
548 1861 695 1939 pecudum
715 1868 813 1921 tamen
836 1861 893 1921 ulla
915 1867 1013 1920 secuta

221 1944 407 2012 concubitus,
431 1945 561 2022 quamvis
582 1943 657 2004 collo
678 1945 820 2004 timuisset
842 1950 981 2010 aratrum,
1069 1957 1106 2010 50

221 2035 250 2089 ot
271 2046 357 2106 saepe
378 2029 408 2087 in
430 2027 486 2088 levi
507 2029 688 2106 quaesissent
710 2046 821 2088 cornua
843 2029 947 2087 fronte,

222 2130 239 2172 a
260 2113 341 2190 virgo
364 2110 478 2181 inielir,
501 2117 533 2171 tu
554 2113 683 2172 nuncin
705 2111 854 2172 montibus
876 2128 974 2172 erras:

220 2194 269 2256 ille
290 2194 365 2255 latus
387 2196 503 2255 niveum
524 2194 605 2254 molli
626 2195 716 2256 fultus
737 2196 893 2275 hyacintho

219 2277 285 2339 ilice
307 2279 361 2338 suh
384 2280 468 2356 nigra
489 2276 623 2356 pallentis
644 2282 771 2341 ruminat
792 2280 911 2349 herhas,

220 2369 269 2423 aut
290 2362 416 2441 aliquam
431 2363 461 2423 in
472 2381 578 2441 magno
592 2365 724 2442 sequitur
735 2382 834 2444 grege.
862 2362 1004 2432 ‘claudite
1021 2380 1103 2442 nym-

859 2449 943 2526 phae,
1067 2459 1103 2511 5⁵

219 2531 352 2592 Dictaeae
373 2533 536 2615 nymphae,
558 2550 713 2595 nemorum
735 2534 792 2593 iam
815 2532 939 2593 claudite
961 2529 1059 2599 saltus,

220 2615 301 2693 siqua
324 2615 400 2676 forte
422 2617 518 2677 ierant
539 2616 631 2678 oculis
652 2635 718 2678 sese
740 2616 823 2677 obuia
845 2617 952 2677 nostris

220 2699 386 2760 errabunda
407 2699 490 2760 hovis
511 2703 644 2778 vestigia;
668 2700 790 2761 forsitan
811 2700 891 2762 illum

221 2789 271 2841 aut
291 2782 383 2841 herba
406 2790 523 2858 captum
545 2784 628 2842 viridi
649 2791 700 2842 aut
720 2791 850 2843 armenta
874 2788 1005 2842 secutum

219 2864 383 2940 perducant
404 2863 517 2939 aliquae
539 2862 651 2922 stabula
674 2864 711 2922 ad
733 2865 872 2942 Gortynia
894 2863 1018 2924 vaccae'
1068 2875 1104 2931 so

216 2958 279 3007 turn
301 2947 378 3005 canit
399 2945 594 3023 Hesperidum
615 2946 749 3005 miratam
772 2947 847 3006 mala
869 2945 1009 3024 puellam;

218 3033 281 3089 tum
302 3029 547 3089 Phaethontiadas
567 3047 669 3089 musco
692 3030 853 3089 circumdat
874 3049 991 3090 amarae

220 3113 350 3182 corticis,
374 3118 462 3190 atque
483 3112 546 3174 solo
567 3130 707 3191 proceras
730 3114 814 3190 erigit
835 3111 926 3173 alnos.

221 3204 284 3257 tum
306 3197 391 3266 canit,
415 3203 562 3257 errantem
583 3197 728 3258 Permessi
749 3197 786 3256 ad
807 3194 926 3256 flumina
949 3197 1065 3260 Gallum

217 3283 315 3340 donas
337 3282 366 3339 in
389 3283 495 3341 montis
516 3288 550 3342 ut
570 3281 684 3342 duxerit
705 3296 763 3339 una
785 3297 930 3349 sororum,
1067 3292 1102 3346 65

218 3376 307 3443 utque
329 3366 390 3424 viro
412 3365 525 3426 Phoehi
546 3365 654 3425 chorus
675 3362 873 3423 adsurrexerit
895 3366 1004 3433 omnis;

218 3452 250 3509 ut
271 3448 364 3509 Linus
383 3448 457 3510 haec
478 3449 519 3510 illi
540 3449 636 3510 divino
658 3447 787 3507 carmine
808 3454 910 3525 pastor
