2454 3936
393 194 537 242 VERGILI
552 194 677 242 aunum
694 195 731 242 ix

59 347 246 427 proturbant.
280 349 366 409 instat
388 366 447 408 non
470 349 559 409 setius
582 367 616 408 ac
637 354 714 407 rotat
736 365 834 408 ensem

60 432 242 502 fulmineum,
267 431 360 492 donec
382 431 482 493 Rutuli
501 431 651 492 clamantis
673 432 702 490 in
726 449 777 491 ore

60 515 191 575 condidit
212 517 334 577 advorso
357 522 385 576 et
406 517 535 576 moriens
558 516 685 575 animam
706 512 823 576 abstulit
842 511 925 576 hosti.

60 607 122 658 tum
145 616 234 676 super
257 601 422 660 exanimum
441 616 504 659 sese
526 599 649 677 proiecit
670 599 793 659 amicum

61 683 214 743 confossus
235 682 407 762 placidaque
428 682 467 742 ibi
488 683 605 743 demum
624 688 719 742 morte
742 683 858 760 quierit.

103 767 254 826 Fortunati
276 765 375 827 ambo!
396 765 490 843 siquid
514 784 578 826 mea
603 766 731 826 carmina
754 773 884 842 possunt,

61 849 139 910 nulla
162 849 223 910 dies
245 867 385 929 umquam
403 851 527 910 memori
551 866 601 908 ros
624 851 730 910 eximet
752 867 831 917 aevo,

62 935 132 993 dum
157 934 260 993 domus
280 933 395 994 Aeneae
419 931 538 1010 Capitoli
560 931 699 993 inmobile
721 950 822 992 sarum

62 1015 175 1077 accolet
191 1017 405 1096 imperiumque
427 1024 510 1096 pater
531 1015 681 1076 Romanus
702 1015 831 1076 habebit.

105 1100 236 1161 Victores
258 1101 367 1178 praeda
384 1099 483 1161 liutuli
504 1098 663 1179 spoliisque
686 1101 769 1178 potiti

64 1182 233 1246 Volcentem
257 1186 422 1244 exanimum
444 1184 547 1245 ssantes
567 1185 596 1244 in
615 1189 708 1245 castra
732 1182 874 1244 terebant.

63 1285 118 1328 nec
138 1269 234 1327 rninor
250 1269 280 1327 in
302 1270 404 1328 castris
425 1267 520 1329 luctus
542 1267 705 1328 libamnete
726 1274 845 1347 reperto

65 1353 205 1427 exsangui
227 1360 255 1410 et
272 1353 373 1428 primis
399 1368 456 1411 una
478 1358 521 1411 tot
544 1352 632 1413 caede
653 1353 823 1429 peremptis,

64 1435 249 1513 Serranoque
269 1434 430 1512 Numaque.
461 1436 564 1511 ingens
583 1452 744 1494 concursus
766 1434 803 1493 ad
822 1435 884 1510 ipsa

64 1536 188 1596 corpora
211 1518 423 1594 seminecisque
443 1517 521 1576 siros
543 1517 698 1595 tepidaque
719 1523 866 1576 recentem

65 1602 151 1663 caede
173 1600 270 1662 locum
293 1608 321 1661 et
343 1599 445 1678 plenos
466 1601 613 1677 spumanti
636 1600 777 1677 sanguine
799 1601 887 1658 rivos.

63 1686 245 1761 adgnoscunt
268 1682 359 1763 spolia
380 1684 456 1744 inter
478 1701 511 1744 se
533 1682 703 1762 galeamque
724 1683 862 1742 nitentem

64 1770 186 1845 Messapi
210 1775 237 1828 et
258 1767 349 1828 multo
372 1766 507 1845 phaleras
528 1767 637 1828 sudore
657 1772 800 1845 receptas.

105 1852 216 1912 Etiam
238 1853 331 1929 prima
353 1869 428 1912 noro
450 1849 607 1931 spargebat
627 1850 737 1912 lumine
756 1857 850 1911 terras

63 1936 180 1995 Tithoni
203 1953 337 1998 croceum
357 1934 491 2015 linquens
513 1938 625 1997 Aurora
646 1933 757 1996 cubile:

62 2021 119 2080 iam
143 2018 204 2079 sole
224 2019 328 2090 inluso,
351 2021 407 2080 iam
430 2020 518 2080 rebus
540 2017 605 2080 lucc
628 2019 746 2079 retectis

64 2103 181 2163 Turnus
203 2103 231 2162 in
251 2120 330 2164 arma
354 2105 439 2174 viros,
462 2104 550 2165 armis
573 2103 769 2164 circumdatus
786 2101 858 2181 ipse,

63 2188 191 2256 suscitat,
215 2194 385 2265 aeratasque
407 2188 484 2247 acies
504 2190 534 2246 in
554 2187 665 2266 proelia
688 2186 766 2263 cogit

63 2273 187 2347 quisquc
204 2287 272 2330 suas
289 2271 433 2349 variisque
452 2281 560 2332 acuunt
576 2269 745 2330 rumoribus
766 2269 833 2328 iras.

64 2357 133 2432 quin
155 2354 217 2431 ipsa
240 2355 361 2414 arrectis
384 2353 455 2432 (risu
476 2352 651 2430 miserabile)
673 2353 703 2411 iu
722 2351 812 2412 hastis

63 2437 227 2515 praefigunt
246 2437 336 2512 capita
360 2444 389 2496 et
412 2435 503 2495 multo
527 2434 656 2494 clamore
679 2441 819 2493 secuntur

64 2519 182 2596 Euryali
205 2525 232 2577 et
251 2516 321 2576 Nisi.

64 2599 218 2664 Aeneadae
236 2599 301 2659 duri
323 2615 475 2658 murorum
498 2600 529 2657 in
550 2605 633 2674 parte
650 2597 769 2656 ¹sinistra

67 2700 235 2763 opposuere
257 2681 349 2742 aciem
374 2681 449 2758 (nam
474 2682 592 2741 dextera
615 2680 740 2757 cingitur
763 2679 849 2755 amni)

64 2767 248 2843 ingentisque
270 2772 370 2826 tenent
391 2763 483 2825 iossas
508 2772 537 2825 et
559 2762 691 2824 turribus
711 2762 775 2823 altis

66 2857 143 2909 stant
161 2850 276 2917 maesti;
300 2845 384 2909 simul
405 2864 454 2907 ora
476 2850 570 2909 virum
591 2847 720 2926 praefixa
738 2844 903 2914 movebant,

65 2940 133 2993 nota
151 2934 237 2993 nimis
254 2933 370 2993 miseris
390 2938 512 3012 atroque
531 2931 648 2993 liuentia
670 2931 747 2992 tabo.

108 3018 221 3078 lnterca
239 3016 371 3095 paridam
390 3014 511 3077 volitans
533 3018 651 3096 pinnata
674 3033 727 3094 per
749 3013 853 3077 urbem

66 3104 166 3162 nuntia
188 3101 276 3162 Fama
297 3101 355 3160 ruit
376 3100 537 3179 matrisque
558 3099 703 3160 adlabitur
724 3100 803 3160 auris

66 3184 191 3263 Euryali.
224 3192 252 3245 at
274 3184 386 3244 subitus
408 3184 532 3245 miserae
551 3181 630 3244 calor
648 3200 713 3244 ossa
732 3181 857 3260 reliquit,

67 3269 180 3328 excussi
202 3267 336 3329 manibus
358 3266 431 3328 radii
453 3266 641 3345 revolutaque
662 3282 762 3343 pensa.

68 3352 157 3412 euolat
181 3351 278 3412 infelix
302 3360 330 3411 et
351 3349 475 3411 femineo
496 3350 617 3419 ululatu,

66 3436 155 3496 scissa
174 3453 297 3502 comam,
320 3451 420 3494 muros
444 3451 543 3495 amens
563 3442 649 3512 atque
672 3430 785 3509 agmina
809 3443 895 3487 cursu
