2400 3878
425 211 567 259 VERGILI
582 212 720 261 Euboea
737 214 764 260 11

139 371 157 407 α
218 381 415 442 enumquam
437 366 548 441 patrios
569 373 656 444 fongo
678 374 745 446 post
767 368 994 445 temporebus,

217 449 354 526 pauperis
377 455 405 508 et
427 451 524 527 tuguri
547 458 717 528 congestum
739 452 866 528 caespite
887 450 1004 513 culmen

218 539 285 609 post
306 529 415 609 aliquot
436 551 500 592 mea
522 552 613 611 regna
634 534 734 595 videns
755 534 885 594 mnabor
907 536 1027 596 aristas?

214 614 320 693 impius
342 616 415 676 llaec
438 624 495 676 tam
518 617 594 678 culta
615 616 727 678 novalia
749 617 833 678 miles
854 617 981 689 habebit,
1065 628 1100 686 70

216 698 360 759 barbarus
382 699 434 758 has
456 709 585 778 segetes:
607 720 644 762 en
666 718 724 779 quo
746 701 889 762 mscerdia
913 702 981 762 civis

184 780 203 790 ’“
215 784 354 861 produxit
374 785 511 852 miseros,
535 784 581 844 his
601 803 655 845 nos
677 786 859 847 consevimus
881 787 979 864 agros!

216 867 312 927 insere
334 885 427 937 nuuc,
450 867 606 939 Meliboee,
629 871 723 946 piros;
753 887 830 949 pone
852 870 954 932 ordine
976 873 1056 934 vites.

219 951 258 1011 ite
280 969 363 1011 meae
385 950 535 1030 quondam
557 949 624 1013 felix
646 971 749 1030 pecus,
772 954 812 1014 ite
833 953 971 1031 capellae.

216 1052 275 1094 non
297 1053 352 1112 ego
374 1052 425 1094 vos
446 1035 568 1112 posthac
588 1037 672 1097 viridi
693 1038 842 1116 proiectus
863 1039 894 1099 in
916 1046 1001 1099 antro
1065 1049 1098 1105 75

217 1117 338 1179 dumosa
360 1118 490 1196 pendere
512 1119 616 1197 procul
638 1123 675 1182 de
696 1140 771 1199 rupe
792 1121 911 1192 videbo;

217 1203 346 1264 caruaina
367 1202 447 1263 nulla
469 1221 588 1274 canam;
611 1223 670 1265 non
689 1225 737 1266 me
759 1213 910 1284 pascente,
934 1204 1072 1286 capellae,

217 1287 370 1348 florentem
393 1287 516 1366 cytisum
539 1297 567 1350 et
588 1289 690 1351 salices
712 1291 837 1368 carpetis
858 1307 981 1351 amaras.

91 1373 105 1429 1
211 1371 242 1431 T.
266 1371 319 1431 Hic
331 1379 428 1431 tamen
440 1372 515 1432 lianc
525 1391 641 1434 mecum
655 1383 773 1452 poteras
784 1362 970 1452 requiescdre
982 1381 1098 1437 noctem

216 1453 320 1514 fronde
341 1472 430 1531 super
452 1455 550 1515 viridi:
573 1464 641 1517 sunt
661 1458 746 1517 nohis
768 1458 846 1516 mitia
868 1473 964 1534 poma,
1065 1466 1100 1521 80

137 1594 141 1600 ,
220 1545 370 1599 castaneae
392 1536 495 1597 molles
517 1546 545 1598 et
566 1541 660 1616 pressi
682 1541 764 1618 copia
786 1540 876 1600 lactis.

217 1629 246 1683 et
267 1623 323 1682 iam
339 1639 451 1682 summa
473 1623 577 1699 procul
598 1623 731 1685 villarum
754 1622 878 1684 culmina
902 1624 1022 1692 fumant,

215 1706 398 1784 maioresque
420 1705 528 1767 cadunt
550 1707 614 1768 altis
636 1709 672 1769 de
694 1707 841 1769 montibus
863 1707 994 1769 umbrae.

498 1896 687 1907 ...ρ-...-

575 2053 616 2139 ΙΙ

216 2201 412 2263 Formonsum
434 2209 535 2281 pastor
557 2201 693 2280 Corydon
714 2200 837 2262 ardebat
857 2202 978 2270 Aleum,

217 2286 334 2346 delicias
356 2288 481 2356 domini;
505 2304 561 2347 nec
588 2285 658 2363 quid
681 2293 813 2362 speraret
834 2284 971 2346 habebat.

216 2375 329 2430 tautum
350 2372 426 2430 inter
449 2371 555 2431 densas
575 2368 716 2429 umbrosa
738 2369 887 2430 cacumina
911 2369 993 2446 fagos

216 2453 335 2513 adsidue
356 2453 499 2514 veniebat.
543 2452 583 2513 ibi
604 2453 677 2513 haec
698 2452 846 2512 incondita
868 2449 948 2512 solus

219 2536 367 2595 montibus
389 2542 418 2596 et
439 2536 517 2595 silvis
538 2535 632 2595 studio
655 2535 780 2594 iactabat
800 2536 894 2594 inani:
1081 2543 1098 2596 5

259 2615 284 2678 0
306 2617 432 2678 crudelis
453 2617 551 2685 Alexi,
573 2615 645 2676 nihil
665 2634 731 2676 mea
753 2618 882 2676 carmina
904 2616 1006 2676 curasi

217 2700 258 2760 nil
279 2703 371 2761 nostri
392 2700 552 2762 miserere?
573 2699 649 2759 mori
670 2718 717 2760 me
740 2699 865 2778 denique
887 2715 984 2775 coges.

219 2801 298 2845 nunc
321 2787 409 2846 etiam
430 2784 560 2863 pecudes
580 2781 701 2844 umbras
723 2791 752 2844 et
772 2783 883 2861 frigora
906 2789 1038 2860 captant;

217 2885 296 2928 nunc
317 2870 425 2930 virides
447 2870 534 2930 etiam
555 2867 703 2928 occultant
723 2867 837 2947 spineta
857 2867 994 2937 lacertos,

217 2951 362 3034 Thestylis
384 2959 413 3013 et
434 2953 537 3030 rapido
560 2952 643 3013 fessis
665 2951 845 3012 messoribus
866 2959 949 3012 aestu
1069 2961 1101 3012 10

217 3034 272 3096 alia
294 3037 514 3115 serpullumque
536 3036 643 3096 herbas
665 3036 818 3097 contundit
840 3036 951 3096 olentis.

217 3126 247 3180 at
267 3138 384 3182 mecum
405 3123 518 3191 raucis,
540 3127 590 3181 tua
612 3119 682 3180 dum
703 3121 823 3196 vestigia
843 3119 946 3188 lustro,

217 3200 278 3265 sole
300 3205 355 3265 sub
377 3206 490 3265 ardenti
511 3211 649 3264 resonant
670 3203 789 3263 arbusta
811 3203 926 3263 cicadis.

214 3303 312 3350 nonne
334 3288 513 3357 funestius,
536 3289 626 3348 tristis
647 3286 829 3365 Amaryllidis
850 3287 909 3345 iras

217 3376 303 3448 atque
325 3372 454 3450 superba
475 3373 534 3448 pati
556 3370 685 3431 fastidiat
707 3387 805 3430 nonne
826 3367 985 3436 Menalcan,
1067 3377 1099 3429 lo

219 3456 349 3530 quamvis
370 3455 418 3517 ille
439 3457 533 3532 niger,
557 3454 686 3532 quamvis
708 3461 740 3515 tu
762 3453 902 3514 candidus
924 3450 1020 3513 esses?

887 3549 937 3612 1¹8
