2400 3878
417 767 687 857 ECLOGA
726 769 747 858 l

320 1019 512 1067 umorve
705 1021 852 1069 rrmvs.

86 1140 144 1194 Aa
208 1137 251 1196 M.
273 1136 388 1215 Tityre,
417 1144 448 1197 tu
470 1138 586 1215 patulae
607 1137 752 1197 recubans
773 1137 827 1197 sub
850 1136 977 1214 tegmine
1000 1133 1056 1211 lagi

209 1219 370 1281 silvestrem
393 1222 472 1281 tenui
495 1239 607 1280 musam
630 1221 778 1280 meditaris
800 1238 904 1281 avena:

210 1319 264 1363 nos
285 1305 396 1379 patriae
417 1305 490 1364 fines
512 1313 541 1363 et
562 1303 657 1363 dulcia
679 1303 837 1381 linquimus
862 1320 938 1362 arva.

133 1385 152 1461 β
209 1402 263 1444 nos
284 1387 407 1461 patriam
430 1387 570 1462 sugimus:
593 1395 640 1454 tu,
663 1386 775 1464 Tityre,
799 1386 894 1445 lentus
916 1381 1072 1443 inumbra

211 1467 389 1527 lormonsam
412 1486 551 1527 resonare
573 1468 660 1527 doces
681 1467 856 1546 Amaryllida
878 1465 970 1526 silvas.
1076 1475 1095 1528 5

134 1572 153 1607 α
207 1550 239 1610 T.
263 1549 286 1610 0
306 1549 455 1618 Meliboee,
479 1552 551 1611 deus
573 1550 657 1609 nobis
679 1551 751 1612 baec
773 1552 829 1610 otia
852 1551 928 1610 iecit.

212 1651 337 1711 namque
360 1635 415 1693 erit
435 1633 483 1693 ille
505 1635 575 1693 mihi
597 1652 713 1710 semper
735 1636 822 1702 deus,
845 1633 923 1693 illius
944 1650 1023 1692 aram

211 1734 298 1794 saepe
319 1725 404 1777 tener
425 1719 532 1776 nostris
554 1716 589 1776 ab
613 1717 734 1777 ovilibus
755 1717 867 1778 imbuet
888 1733 990 1794 agnus.

129 1792 156 1876 d
212 1799 262 1860 ille
283 1819 363 1861 meas
386 1819 486 1861 errare
508 1800 611 1869 boves,
634 1809 667 1860 ut
689 1802 799 1870 cernis,
823 1808 852 1860 et
872 1801 968 1877 ipsum

212 1882 313 1945 ludere
336 1903 409 1962 quae
431 1883 534 1944 vellem
557 1883 667 1943 calamo
690 1885 821 1961 permisit
843 1883 959 1962 agresti.
1062 1892 1096 1942 10

91 1970 148 2026 Βα
210 1969 254 2026 M.
277 1967 342 2027 Non
358 1968 492 2046 equidem
508 1968 639 2036 invideo,
654 1968 746 2027 miror
761 1968 868 2045 magis:
883 1967 1013 2043 undique
1027 1965 1095 2024 totis

213 2068 306 2129 usque
328 2052 400 2112 adeo
423 2051 558 2111 turbatur
581 2052 666 2128 agris.
702 2069 738 2111 en
760 2052 823 2128 ipse
845 2048 970 2126 capellas

213 2141 354 2212 protenus
376 2153 463 2212 aeger
485 2153 554 2212 ago:
584 2135 659 2194 hanc
681 2136 767 2194 etiam
789 2135 850 2203 vix,
873 2132 987 2212 Tityre,
1009 2131 1146 2215 ducof

130 2217 150 2294 β
213 2218 261 2278 hic
281 2220 357 2278 inter
379 2219 483 2278 densas
506 2217 622 2277 coculos
643 2219 731 2277 modo
753 2235 879 2295 namque
902 2213 1041 2292 gemebas

213 2318 296 2378 spem
318 2303 429 2379 gregiS,
452 2321 484 2371 3,
505 2300 585 2361 silice
605 2302 636 2361 in
657 2302 734 2361 nuda
758 2302 859 2361 conixa
881 2298 1007 2376 reliquit.
1064 2309 1097 2360 15

131 2383 150 2459 β
211 2401 298 2461 saepe
320 2384 428 2444 malum
450 2384 507 2445 boc
528 2384 625 2454 nobis,
654 2385 678 2443 si
700 2402 783 2445 mens
805 2401 863 2442 non
885 2381 965 2442 laeva
987 2381 1088 2440 luisset

215 2467 252 2526 de
274 2465 354 2526 caelo
376 2475 466 2526 tactas
481 2468 600 2526 memini
621 2467 791 2543 praedicere
813 2483 949 2542 quercus.

130 2570 148 2625 y
212 2549 261 2609 sed
278 2557 376 2608 tamen
396 2550 451 2608 iste
473 2549 544 2608 deus
567 2550 616 2625 qui
638 2550 674 2607 sit
696 2548 747 2616 da,
769 2547 883 2624 Tityre,
906 2545 999 2605 nobis.

124 2624 151 2688 α’
219 2632 250 2691 Τ.
273 2631 381 2691 Vrbem
404 2649 491 2709 quam
513 2632 613 2690 dicunt
633 2631 771 2700 Romam,
794 2629 953 2700 Meliboee,
975 2630 1072 2708 putavi

217 2714 323 2776 stultus
335 2732 389 2792 ego
404 2716 472 2775 huic
487 2723 604 2775 nostrae
615 2714 748 2783 similem,
762 2733 819 2793 quo
833 2731 920 2791 saepe
931 2711 1059 2774 solemus
1065 2723 1102 2775 20

216 2807 348 2876 pastores
371 2800 466 2859 ovium
488 2805 605 2859 teneros
627 2798 773 2878 depellere
795 2798 879 2859 letus.

125 2877 154 2959 β’
215 2884 257 2944 sic
279 2882 399 2944 canibus
421 2881 530 2944 catulos
552 2882 673 2952 similes,
696 2884 738 2942 sio
759 2882 901 2943 matribus
921 2880 1031 2941 haedos

216 2984 335 3037 noram,
358 2968 400 3027 sic
420 2967 516 3045 parvis
538 2985 714 3044 componere
735 2985 839 3044 magna
862 2964 1001 3025 solebam.

126 3039 154 3125 β’
217 3069 319 3112 verum
341 3050 414 3111 haec
435 3057 547 3110 tantum
569 3050 640 3112 alias
661 3052 737 3110 inter
759 3057 846 3127 caput
874 3049 975 3109 extulit
1000 3047 1093 3108 urbes

219 3140 360 3213 quantum
381 3133 458 3194 lenta
479 3133 573 3193 solent
595 3136 670 3194 inter
691 3133 812 3193 viburna
836 3132 976 3209 cupressi.
1067 3141 1105 3193 25

126 3209 154 3292 γ’
216 3218 258 3276 Μ.
282 3224 310 3277 et
333 3236 406 3296 quae
428 3224 506 3276 tanta
528 3218 582 3277 suit
601 3217 725 3277 Romam
745 3215 798 3275 tibi
820 3233 907 3276 causa
928 3213 1060 3275 videndi?

96 3298 155 3356 Γα
221 3299 252 3358 T.
275 3300 423 3370 libertas,
447 3318 521 3377 quae
543 3318 608 3361 sera
630 3307 727 3360 tamen
748 3301 878 3376 respexit
898 3300 1032 3368 inertem,

219 3382 370 3442 candidior
391 3390 546 3463 postquam
567 3383 699 3444 tondenti
720 3382 812 3443 barba
834 3381 965 3451 cadebat,

162 3495 292 3538 srsnscx,
311 3498 425 3534 nnsis.
929 3483 944 3542 1
