2454 3936
159 216 218 277 166
487 224 629 274 rancun
644 223 769 272 sonmo
787 223 840 272 rur

156 382 276 442 inrisam
299 398 444 459 quaerens
464 399 551 458 quam
573 382 700 459 primum
722 380 898 458 abrumpere
920 377 1024 440 lucem.

156 470 219 526 tum
239 463 365 525 breviter
388 464 501 524 Barcen
521 466 664 526 nutricem
688 462 781 524 adlata
804 463 942 542 Sychaei,

156 566 283 628 namque
302 565 385 609 suam
407 549 499 626 patria
518 549 634 625 antiqua
655 549 727 607 cinis
748 554 810 607 ater
832 545 972 607 habebat:

158 632 302 701 ‘Annam
325 649 392 692 cara
414 631 485 691 mihi
507 632 619 701 nutrix,
643 630 701 690 buc
723 631 791 690 siste
813 648 961 697 sororem:

157 715 205 775 dic
227 733 335 794 corpus
356 722 496 794 properet
514 714 619 776 iluriali
644 731 784 792 spargere
804 713 921 794 lympha

158 806 186 859 et
207 799 335 876 pecudes
357 817 457 860 secum
479 806 507 860 et
529 806 688 858 monstrata
710 796 823 875 piacula
846 798 934 858 ducat

157 883 198 942 sic
217 883 326 952 veniat,
350 890 439 961 tuque
461 884 522 961 ipsa
544 884 591 961 pia
614 889 680 959 tege
701 890 833 959 tempora
855 883 932 942 vitta.

156 982 240 1025 sacra
257 966 317 1025 lori
338 966 451 1045 Stygio,
472 985 546 1045 quae
566 967 621 1026 rite
643 967 759 1044 incepta
779 967 891 1042 parari,

155 1050 327 1126 perficerest
347 1051 460 1110 animus
481 1051 626 1127 finemque
647 1051 790 1128 inponere
813 1050 890 1110 curis

157 1131 353 1210 Dardaniique
375 1151 479 1212 rogum
502 1135 602 1212 capitis
622 1135 793 1211 permittere
815 1132 974 1196 flammae’

156 1216 198 1275 sic
221 1215 268 1275 ait.
312 1215 360 1276 illa
384 1217 506 1295 gradum
529 1218 624 1278 studio
647 1216 814 1278 celebrabat
836 1217 913 1278 anili.

156 1306 185 1359 at
206 1299 318 1376 trepida
341 1308 369 1360 et
392 1303 502 1378 coeptis
520 1301 696 1361 immanibus
717 1302 805 1361 effera
827 1300 915 1372 llido,

156 1385 346 1460 sanguineam
367 1383 484 1444 volvens
505 1386 595 1445 aciem
618 1383 797 1464 maculisque
819 1387 969 1446 trementis

155 1467 297 1527 interfusa
320 1483 411 1544 genas
432 1475 460 1528 et
480 1467 584 1546 pallida
602 1477 697 1530 morte
719 1469 830 1538 lutura,

155 1550 294 1611 interiora
316 1550 421 1612 domus
441 1553 581 1629 inrumpit
600 1552 698 1613 limina
721 1561 749 1614 et
770 1552 843 1614 altos

156 1635 326 1695 conscendit
345 1634 504 1696 furibunda
521 1654 609 1714 rogos
631 1654 789 1716 ensemque
810 1635 935 1698 recludit

155 1716 347 1787 Dardanium,
370 1736 430 1778 non
452 1720 506 1779 bos
529 1722 691 1797 quaesitum
713 1738 821 1782 munus
842 1721 872 1780 in
893 1738 973 1781 usus.

155 1799 216 1869 bic,
239 1808 395 1879 postquam
417 1801 518 1863 iliacas
539 1810 633 1864 vestes
655 1812 815 1882 notumque
837 1803 932 1864 cubile

156 1885 322 1961 conspexit,
342 1885 462 1963 paulum
485 1884 611 1947 lacrimis
628 1895 656 1948 et
677 1894 775 1948 mente
796 1893 907 1947 morata

153 1966 345 2046 incubuitque
366 1975 433 2028 toro
455 1969 584 2048 dixitque
601 1971 756 2032 norissima
777 1969 880 2031 verba:

156 2050 273 2111 ‘dulces
295 2053 429 2122 exuviae,
453 2053 522 2113 dum
543 2054 600 2115 sata
619 2055 749 2134 deusque
772 2052 920 2122 sinebant,

154 2135 277 2213 accipite
300 2136 376 2196 lianc
396 2139 522 2197 animam
543 2156 649 2216 meque
668 2138 713 2197 his
735 2136 872 2198 exsolvite
894 2137 980 2198 curis.

153 2220 211 2279 rixi
230 2227 259 2280 ot
281 2238 367 2299 quem
391 2220 512 2282 dederat
530 2239 648 2283 cursum
670 2221 799 2281 Fortuna
821 2222 937 2299 peregi,

155 2311 183 2362 ot
204 2321 283 2364 nunc
303 2322 409 2384 magna
429 2306 486 2365 mei
507 2305 561 2365 suh
583 2312 677 2366 terras
697 2302 749 2364 ibit
766 2303 874 2382 imago.

154 2393 215 2454 ulca
237 2397 334 2455 virum
357 2411 469 2472 poenas
490 2392 610 2452 inimico
633 2407 650 2449 a
670 2389 762 2449 fratre
785 2390 895 2468 recepi,

154 2479 257 2540 urbem
281 2478 461 2558 praeclaram
484 2476 586 2544 statui,
610 2491 675 2533 mea
698 2476 814 2534 moenia
837 2473 904 2541 ridi,

155 2566 240 2636 felix,
263 2568 322 2626 heu
343 2567 464 2625 nimium
485 2562 568 2630 felix,
589 2561 613 2620 si
632 2559 718 2619 litora
738 2565 852 2618 tantum

154 2668 314 2729 numquam
336 2649 498 2709 Dardaniae
522 2645 684 2723 tetigissent
704 2649 804 2702 nostra
827 2636 967 2701 carinae.'

155 2735 226 2794 dixit
248 2742 276 2793 et
296 2751 329 2793 os
346 2735 478 2810 inpressa
497 2740 562 2791 toro
585 2730 760 2788 ‘moriemur
781 2723 907 2791 inultae,

155 2818 206 2878 scd
219 2818 379 2877 moriamur
389 2814 405 2874 ε’
429 2816 468 2874 ait
489 2815 546 2873 ‘sic
568 2815 610 2873 sic
631 2814 709 2872 iurat
728 2812 771 2870 ire
793 2807 847 2868 sub
871 2804 998 2867 umbras.

154 2900 270 2960 hauriat
291 2900 370 2959 hunc
393 2896 485 2958 oculis
508 2898 605 2974 ignem
628 2893 755 2956 crudelis
776 2891 812 2951 ab
835 2889 893 2950 alto
955 2968 961 2981 ι
995 2965 1001 2985 μ

155 2984 324 3051 Dardanus,
348 2989 376 3042 et
397 2988 515 3040 nostrae
536 2997 636 3040 secum
660 2979 734 3039 ierat
755 2974 853 3034 omina
875 2975 987 3037 mortis.

155 3067 283 3135 dixerat,
304 3073 391 3143 atque
413 3063 490 3124 illam
510 3064 604 3125 media
626 3065 701 3123 inter
723 3057 790 3118 talia
812 3056 891 3116 ierro

157 3150 324 3228 conlapsam
347 3149 491 3228 aspiciunt
510 3149 631 3209 comites
653 3157 810 3219 ensemque
832 3154 939 3199 cruore

156 3241 339 3311 spumantem
359 3250 534 3311 sparsasque
556 3246 669 3290 manus.
712 3227 735 3285 it
756 3220 866 3283 clamor
887 3221 923 3280 ad
945 3217 1000 3279 alta

157 3319 243 3387 atria;
269 3336 441 3380 concussam
462 3316 622 3377 bacchatur
645 3311 733 3370 Fama
755 3325 809 3385 per
830 3305 943 3366 urbem.

155 3400 289 3463 lamentis
309 3405 476 3482 gemituque
498 3408 527 3461 et
544 3398 670 3458 femineo
690 3390 802 3453 ululatu

156 3492 232 3547 tecta
248 3489 391 3556 tremunt,
412 3492 529 3546 resonat
548 3480 660 3558 magnis
683 3473 874 3554 plangoribus
900 3471 1016 3542 aether,
