2400 3878
400 225 684 274 vnnornrenums
701 227 738 273 xr
1014 215 1074 276 825

67 389 128 445 tum
152 399 222 442 vero
245 391 275 442 et
296 381 421 458 gemitus
443 381 620 441 morientum
640 387 668 440 et
688 382 830 457 sanguine
852 382 882 439 in
904 380 960 440 alto
992 458 993 461 Ἴ
1066 399 1068 404 ·

64 483 205 543 armaque
227 481 411 543 corporaque
435 470 464 524 et
485 482 522 542 pe
571 465 622 523 ixti
644 463 733 523 caede
753 465 881 523 virorum

65 550 250 609 semianimes
272 545 425 607 volventur
449 481 646 625 equiqqqugna
668 565 771 624 aspera
795 548 897 623 surgit.
1024 554 1075 606 oto

67 631 238 693 Orsilochus
259 629 384 700 Remuli,
408 630 525 709 quarmo
546 633 643 708 ipsum
664 630 805 690 horrebat
826 630 916 699 adire,

66 715 178 775 hastam
200 715 315 775 intorsit
337 731 413 792 equo
437 715 609 793 ferrumque
631 713 686 774 sub
709 731 780 774 aure
802 714 928 791 reliquit.

67 816 124 876 quo
143 795 260 875 'sonipes
282 801 343 859 ictu
363 799 435 858 iurit
459 798 568 858 arduus
591 797 706 876 altaque
725 799 812 858 iactat

67 881 194 941 volneris
216 883 361 960 inpatiens
380 889 499 943 arrecto
521 889 641 959 pectore
662 898 764 941 crura:

66 964 188 1025 volvitur
208 965 256 1027 ille
276 983 415 1026 excussus
436 965 527 1026 humi.
562 964 678 1026 Catillus
700 964 789 1024 Iollan

66 1051 273 1128 ingentemque
296 1051 409 1120 animis,
433 1051 581 1126 ingentem
603 1066 729 1126 corpore
752 1058 780 1108 et
803 1051 890 1108 armis

67 1133 152 1193 deicit
171 1133 364 1202 Herminium,
386 1135 468 1194 nudo
490 1134 537 1194 cui
558 1134 666 1193 vertice
686 1131 763 1204 fulva

67 1218 209 1278 caesaries
230 1219 359 1295 nudique
381 1220 486 1286 umeri,
509 1236 564 1278 nec
585 1218 704 1277 volnera
723 1225 850 1277 terrent:

67 1309 162 1361 tantus
185 1303 214 1360 in
237 1319 318 1362 arma
339 1309 426 1379 patet.
461 1302 533 1360 latos
554 1301 624 1361 huic
644 1300 726 1360 hasta
750 1319 803 1378 per
824 1318 922 1360 armos

66 1393 129 1445 acta
148 1388 247 1445 tremit
266 1385 454 1462 duplicatque
472 1386 566 1445 virum
587 1385 725 1443 transfixa
748 1382 858 1442 dolore.

69 1468 197 1532 mnditur
219 1476 281 1529 ater
305 1467 415 1543 ubique
436 1485 541 1533 cruor;
564 1467 633 1525 dant
655 1467 756 1525 lunera
780 1466 860 1524 ierro

71 1560 212 1618 certantes
235 1551 449 1628 pulchramque
474 1556 574 1626 petunt
598 1565 652 1625 per
673 1548 791 1607 volnera
814 1557 947 1607 mortem.

109 1637 144 1694 ht
166 1637 277 1695 medias
297 1635 373 1692 inter
397 1632 501 1692 caedes
523 1632 632 1691 exultat
653 1632 791 1698 Amazon,

67 1737 157 1780 unum
180 1726 279 1777 exerta
300 1716 375 1775 latus
398 1733 523 1792 pugnae,
539 1701 714 1813 pharetrata
732 1713 856 1780 Camilla,

68 1811 95 1862 et
114 1818 193 1860 nune
215 1798 292 1859 lenta
313 1816 402 1859 manu
422 1815 563 1876 spargens
584 1798 697 1857 hastilia
721 1798 831 1867 denset,

68 1903 146 1944 nunc
168 1882 290 1943 validam
314 1883 416 1943 dextra
438 1884 516 1960 rapit
534 1882 677 1942 indelessa
701 1881 874 1960 bipenncnr;

67 1985 174 2030 aureus
194 1986 228 2027 ex
248 1985 351 2027 umero
374 1976 459 2026 sonat
479 1984 566 2027 arcus
589 1974 617 2025 et
637 1984 717 2025 arma
740 1966 857 2026 Dianae.
907 2005 921 2026 .

67 2051 113 2112 illa
138 2053 222 2111 etiarn
245 2053 273 2110 in
297 2060 422 2128 tergum,
446 2050 587 2128 siquando
608 2048 690 2127 pulsa
712 2051 842 2118 recessit,

67 2135 178 2215 spicula
200 2153 340 2196 converso
362 2135 502 2210 fugientia
526 2135 632 2212 derigit
652 2151 732 2194 arcu.

67 2231 96 2277 at
119 2223 229 2280 circum
250 2219 344 2280 lectae
367 2223 497 2287 comites,
520 2219 684 2294 Larinaque
708 2233 788 2294 virgo

67 2303 208 2380 Tullaque
230 2313 258 2364 et
277 2311 405 2364 aeratam
429 2302 561 2381 quatiens
580 2301 704 2379 Tarpeia
727 2318 868 2364 securem.

70 2387 191 2456 italides,
215 2405 287 2466 quas
308 2388 370 2464 ipsa
393 2387 483 2445 decus
506 2385 560 2444 sibi
584 2384 629 2442 dia
653 2382 770 2443 Camilla

69 2472 175 2547 delegit
196 2472 334 2549 pacisque
356 2469 448 2528 bonas
468 2466 596 2544 bellique
615 2466 777 2524 ministras:

68 2554 168 2634 quales
190 2554 359 2614 Thraeiciae
381 2569 449 2610 cum
467 2549 588 2609 llumina
610 2547 835 2607 Thermodontis

68 2638 184 2716 pulsant
206 2648 234 2698 et
256 2637 338 2714 pictis
360 2633 505 2693 bellantur
526 2633 687 2691 Amazones
707 2631 795 2689 armis

67 2739 120 2782 seu
143 2724 254 2782 circum
276 2717 462 2797 Hippolyten,
484 2733 536 2776 seu
559 2733 625 2774 cum
644 2732 675 2773 se
697 2714 798 2773 llartia
820 2731 908 2773 curru

70 2805 248 2865 Penthesilea
272 2803 372 2871 relect,
396 2817 561 2878 magnoque
583 2797 711 2859 ululante
730 2796 856 2857 tumultu

70 2891 194 2949 leminea
217 2887 347 2948 exultant
367 2886 474 2946 lunatis
496 2884 612 2961 agmina
635 2881 728 2961 peltis.

69 2991 155 3051 quem
177 2971 235 3032 telo
257 2974 394 3049 primurn,
416 2987 504 3045 quem
525 2977 716 3047 postremum,
740 2982 842 3043 aspera
865 2964 954 3041 virgo,

70 3056 177 3116 deicis?
199 3063 248 3114 aut
265 3064 336 3133 quot
356 3055 438 3114 humi
459 3053 612 3112 morientia
632 3068 757 3128 corpora
776 3049 892 3110 lundis?

70 3139 202 3198 Euneum
224 3137 313 3215 Clytio
335 3139 463 3215 primum
484 3147 576 3214 patre,
601 3136 683 3195 cuius
706 3142 838 3211 apertum

72 3221 184 3282 adversi
205 3218 291 3294 longa
310 3220 525 3280 transverberat
544 3218 639 3278 abiete
657 3229 774 3292 pectus:

70 3305 219 3380 sanguinis
240 3301 289 3362 ille
307 3320 426 3362 vomens
447 3305 524 3363 rivos
545 3302 623 3361 cadit
643 3309 729 3375 atque
750 3305 900 3356 cruentam

71 3387 182 3450 mandit
201 3387 322 3446 humum
340 3387 527 3463 moriensque
548 3401 602 3444 suo
624 3399 656 3442 se
678 3383 707 3440 in
730 3379 848 3439 volnere
866 3387 970 3438 versat

72 3481 133 3535 tum
156 3470 245 3532 Lirim
264 3468 465 3546 Pagasumque
484 3484 586 3546 super:
611 3481 737 3543 quorum
759 3460 831 3522 alter
852 3461 981 3522 habenas
1022 3469 1074 3519 670

807 3561 873 3622 21*
