2400 3878
138 165 179 226 40
431 175 573 224 vunnim
596 173 798 223 ononorcou
821 175 848 222 11

138 339 171 392 ut
193 333 302 391 cerasis
324 332 485 410 ulmisque;
510 332 596 390 etiam
619 330 759 390 Parnasia
781 328 882 390 laurus

137 432 226 493 parva
248 415 302 475 sub
324 417 436 492 ingenti
458 416 560 475 matris
583 432 615 474 se
636 412 744 473 subicit
766 413 880 474 umbra.

138 496 193 559 hos
215 507 317 560 natura
341 498 444 558 modos
466 500 594 577 primurn
616 497 711 566 dedit,
734 495 780 556 his
803 514 896 574 genus
918 513 1005 557 omne
1113 503 1151 553 2⁰

137 581 275 642 silvarum
298 581 495 658 fruticumque
519 584 592 642 riret
623 597 837 657 nemorumque
860 597 1021 642 sacrorum.

180 667 255 727 Sunt
276 664 364 736 aliae,
388 683 460 742 quas
481 666 544 744 ipse
566 667 627 725 vias
650 664 707 724 sibi
728 667 860 743 repperit
880 683 960 724 usus.

136 750 186 809 hic
209 749 321 827 plantas
340 756 442 810 tenero
464 748 641 809 abscindens
663 747 699 808 de
720 765 846 828 corpore
869 757 993 808 matrum

137 832 273 911 deposuit
294 832 396 902 sulcis,
420 833 468 892 hic
490 833 599 911 stirpes
621 830 720 892 obruit
742 849 810 892 arvo

137 916 374 994 quadrifidasque
395 917 484 977 sudes
507 922 536 975 ct
557 922 643 976 acuto
665 915 775 975 robore
797 913 896 975 vallos.

135 999 332 1078 silvarumque
354 999 428 1061 aliae
449 1018 570 1078 pressos
591 1001 763 1079 propaginis
786 1017 871 1060 arcus

138 1091 293 1163 expectant
315 1093 344 1143 et
365 1085 428 1143 viva
450 1102 504 1145 sua
525 1082 668 1164 plantaria
687 1091 781 1151 terra;

137 1166 178 1229 nil
199 1166 307 1226 radicis
331 1175 419 1244 egent
440 1167 529 1236 aliae,
553 1184 762 1242 summumque
783 1174 902 1244 putator

136 1249 209 1311 haut
231 1249 345 1311 dubitat
366 1258 464 1311 terrae
485 1250 619 1310 reserens
643 1249 783 1310 mandare
806 1266 958 1308 cacumen.

138 1336 209 1412 quin
232 1342 261 1394 et
283 1333 455 1395 caudicibus
477 1335 565 1394 sectis
589 1332 733 1411 (mirabile
756 1330 846 1408 dictu)
1110 1338 1148 1391 30

138 1417 266 1479 truditur
289 1436 305 1478 e
327 1419 405 1478 sicco
427 1417 511 1477 radix
533 1416 665 1494 oleagina
687 1417 775 1494 ligno.

138 1511 167 1562 et
188 1519 276 1582 saepe
299 1501 421 1563 alterius
443 1519 541 1562 ramos
563 1503 684 1581 impune
706 1500 839 1560 ridemus

137 1593 253 1646 vertere
275 1587 306 1644 in
328 1584 463 1655 alterius,
488 1594 690 1663 mutatamque
712 1586 799 1645 insita
821 1581 896 1643 mala

137 1668 216 1728 ferre
238 1670 351 1747 pirum,
376 1677 405 1730 et
426 1672 532 1748 prunis
553 1669 686 1747 lapidosa
707 1667 866 1728 rubescere
888 1684 987 1726 corna.
1111 1673 1149 1725 34

180 1752 290 1828 Sponte
313 1770 365 1812 sua
389 1770 464 1828 quae
486 1770 518 1811 se
540 1752 648 1812 tollunt
669 1752 700 1810 in
721 1751 840 1810 luminis
863 1767 940 1818 oras,
1111 1757 1147 1807 47

137 1834 292 1894 infecunda
315 1835 451 1912 quidem,
475 1834 527 1895 sed
550 1833 625 1894 laeta
648 1842 677 1894 et
698 1834 785 1893 fortia
807 1841 947 1910 surgunt;

137 1919 247 1997 quippe
266 1917 329 1977 solo
352 1923 457 1979 natura
479 1917 591 1977 subest.
622 1924 720 1977 tamen
742 1916 815 1977 haec
837 1935 970 1995 quoque,
995 1918 1089 1996 siquis

136 2003 248 2062 inserat
269 2009 320 2061 aut
343 2001 498 2063 scrobibus
520 2001 641 2062 mandet
662 2007 775 2061 mutata
797 1999 935 2071 subactis,
1109 2007 1148 2060 50

138 2086 274 2146 exuerint
295 2083 461 2145 silvestrem
483 2087 628 2155 animum,
652 2083 793 2163 cultuque
814 2086 963 2163 frequenti

136 2172 167 2229 in
190 2185 391 2246 quascumque
413 2169 493 2229 voles
515 2178 594 2230 artes
616 2168 689 2229 haut
710 2168 793 2229 tarda
816 2177 989 2245 sequentur.

137 2271 193 2313 nec
215 2271 275 2312 non
297 2260 327 2312 et
348 2251 457 2313 sterilis
480 2269 555 2329 quae
577 2252 721 2330 stirpibus
745 2254 805 2314 exit
827 2253 863 2313 ab
885 2255 961 2322 imis,

136 2337 194 2396 hoc
215 2337 316 2406 faciat,
339 2353 448 2396 vacuos
470 2338 495 2397 si
516 2338 555 2397 sit
577 2337 690 2414 digesta
712 2354 767 2415 per
790 2355 891 2414 agros:

137 2438 217 2481 nunc
239 2419 314 2480 altae
336 2419 457 2481 frondes
481 2428 510 2481 et
532 2422 606 2480 rami
629 2421 730 2481 matris
753 2427 878 2499 opacant
1110 2430 1147 2483 55

137 2505 340 2582 crescentique
361 2504 495 2565 adimunt
516 2506 594 2566 letus
616 2513 767 2581 uruntque
788 2506 941 2565 ferentem.

136 2590 194 2650 iam
217 2607 293 2667 quae
315 2589 477 2649 seminibus
499 2590 583 2650 iactis
605 2607 636 2649 se
658 2588 779 2651 sustulit
801 2589 898 2659 arbos,

137 2672 220 2733 tarda
243 2672 321 2733 venit
342 2674 417 2732 seris
440 2673 553 2734 lactura
576 2673 734 2752 nepotibus
757 2672 902 2741 umbram,

136 2773 283 2834 pomaque
306 2755 487 2833 degenerant
508 2775 597 2818 sucos
619 2757 709 2819 oblita
731 2758 856 2837 priores,

138 2845 168 2898 et
188 2839 283 2914 turpis
306 2838 409 2900 avibus
431 2840 572 2918 praedam
597 2842 654 2901 lert
676 2860 730 2903 uva
752 2856 896 2899 racemos.
1108 2845 1146 2897 tto

137 2920 250 2982 scilicet
271 2922 409 2982 omuibus
431 2931 475 2984 est
496 2923 581 2985 labor
602 2922 832 3004 impendendus,
856 2929 885 2980 et
907 2935 1009 2978 omnes

137 3023 229 3082 oogen
242 3004 287 3064 lae
309 3006 338 3063 in
360 3005 475 3066 sulcum
498 3025 533 3067 ao
555 3006 646 3067 multa
668 3004 806 3069 mercede
828 3001 1000 3062 domandae.

137 3088 190 3149 sed
213 3089 326 3148 truncis
349 3087 430 3150 oleae
453 3091 573 3160 molius,
596 3091 758 3169 propagine
781 3089 853 3146 vites

136 3171 332 3249 respondent,
356 3172 451 3233 solido
474 3175 601 3252 Paphiae
623 3174 659 3233 de
681 3172 789 3233 robore
812 3177 940 3247 myrtus:

138 3254 244 3332 plantis
266 3255 392 3317 ecdurae
415 3257 506 3336 coryli
528 3265 691 3318 nascuntur
713 3254 869 3330 elingens
1107 3262 1144 3314 oo

138 3339 267 3399 fraxinus
289 3340 511 3418 Herculeaeque
534 3340 622 3400 arbos
645 3337 785 3398 umbrosa
807 3353 935 3395 coronae

138 3420 318 3501 Chaoniique
341 3425 433 3501 patris
455 3423 591 3502 glandes,
615 3425 701 3483 etiam
725 3420 816 3481 ardua
837 3419 933 3498 palma
