2400 3878
397 179 540 227 vunemr
556 179 681 227 nuums
698 180 733 226 vr
1018 165 1082 229 199

63 436 133 482 ecoe
155 427 252 481 autem
276 418 364 497 primi
386 415 440 477 sub
462 415 572 479 lumina
594 415 664 477 solis
685 425 715 478 et
737 424 819 479 ortus
1029 430 1080 485 aas

62 503 117 565 sub
139 502 263 581 pedibus
285 501 400 579 mugire
419 499 515 571 solum
534 508 564 562 et
584 502 652 579 iuga
675 509 778 579 coepta
798 503 910 563 moveri

62 585 200 647 silvarum
222 588 358 665 visaeque
380 602 466 645 canes
484 584 599 646 ulidare
619 603 673 664 per
693 585 831 646 umbram

63 670 237 731 adventante
259 670 323 731 dea.
369 668 488 745 ‘procul
511 688 528 728 o
550 668 655 746 procul
677 675 752 738 este,
775 668 905 748 prolani'

63 754 225 815 conclamat
241 762 335 822 vates,
361 760 497 832 ‘totoque
520 751 649 813 absistite
671 752 753 821 luco;

61 845 153 916 tuque
172 839 277 900 invade
298 838 374 898 viam
395 838 558 916 vaginaque
580 839 662 914 eripe
684 836 814 898 serrum:
1030 847 1080 902 26⁰

62 939 141 982 nunc
165 924 267 983 animis
291 938 379 1000 opus,
403 922 515 990 Aenea,
542 939 621 982 nunc
639 927 760 999 pectore
782 918 893 982 firmo'

63 1013 176 1066 tantum
198 1007 282 1067 eiiata
305 1007 406 1066 lureus
429 1011 514 1065 antro
537 1022 570 1066 se
591 1006 700 1066 inmisit
721 1014 840 1084 aperto;

62 1088 110 1150 ille
133 1091 240 1151 ducem
263 1090 334 1150 haut
351 1089 459 1149 timidis
481 1089 636 1169 vadentem
657 1089 793 1167 passibus
814 1096 930 1167 aequat.

104 1175 154 1244 bi,
176 1174 283 1253 quihus
305 1175 461 1251 imperium
483 1182 527 1234 est
548 1175 728 1244 animarum,
757 1172 941 1251 umbraeque
963 1171 1079 1233 silentes

62 1267 91 1318 et
114 1258 209 1319 Chaos
226 1266 255 1319 et
276 1257 474 1335 Phlegethon,
496 1257 560 1318 loca
581 1265 669 1319 nocte
691 1258 816 1320 tacentia
835 1255 908 1326 late,
1030 1266 1080 1320 265

62 1344 100 1402 sit
120 1342 190 1402 mihi
214 1342 257 1402 las
277 1342 374 1403 audita
394 1341 488 1420 loqui,
512 1343 548 1401 sit
566 1343 686 1404 numine
707 1350 804 1404 vestro

61 1426 192 1504 paudere
212 1444 260 1486 res
283 1424 339 1486 alta
362 1432 442 1485 terra
465 1433 494 1485 et
514 1425 637 1504 cahgine
659 1444 781 1486 mersas.

104 1510 189 1570 lbant
212 1509 330 1569 obscuri
352 1507 414 1569 sola
435 1507 490 1568 sub
509 1516 597 1569 nocte
617 1526 672 1586 per
694 1508 830 1570 umbram

62 1611 175 1673 perque
194 1594 297 1653 domos
318 1593 389 1653 bitis
410 1610 517 1652 vacuas
540 1600 568 1652 et
589 1593 684 1652 inania
704 1608 811 1668 regna:

62 1676 148 1756 quale
170 1695 225 1755 per
246 1677 387 1738 incertam
408 1675 508 1736 lunam
530 1676 584 1737 sub
608 1675 673 1736 luce
694 1675 820 1752 maligna

63 1773 107 1823 est
127 1763 183 1822 iter
205 1763 234 1822 in
257 1760 349 1830 silvis,
373 1759 425 1821 ubi
447 1760 560 1821 caelum
583 1759 713 1820 condidit
732 1759 837 1821 umbra

63 1845 193 1924 luppiter
214 1853 243 1906 et
266 1845 357 1906 rebus
378 1862 437 1904 nox
460 1843 581 1904 ahstuht
599 1851 662 1904 atra
685 1843 824 1904 colorem.

62 1928 239 1991 vestibulum
263 1938 329 1990 ante
349 1930 446 2008 ipsum
469 1929 570 2006 primis
592 1930 622 1988 in
641 1927 774 1989 faucibus
797 1927 866 1988 Orci

59 2014 169 2075 Luctus
184 2021 214 2075 et
228 2013 348 2075 ultrices
368 2030 495 2090 posuere
518 2010 624 2074 cubilia
643 2011 754 2082 Curae,

61 2097 262 2177 pallentesque
283 2097 416 2158 habitant
432 2095 528 2157 Morbi
551 2097 699 2174 tristisque
722 2096 864 2157 Senectus

63 2191 92 2243 et
113 2182 206 2243 Metus
229 2189 258 2242 et
279 2181 446 2241 malesuada
467 2181 573 2242 Fames
593 2199 627 2241 ac
651 2182 745 2258 turpis
768 2180 906 2257 Egestas,

62 2265 208 2327 terribiles
229 2267 292 2324 visu
314 2266 442 2332 formae,
465 2264 627 2343 Letumque
651 2264 821 2342 Labosque;

62 2357 124 2410 tum
148 2349 381 2426 consanguineus
403 2348 466 2408 Leti
490 2349 584 2426 Sopor
606 2356 636 2409 et
654 2347 729 2408 mala
750 2349 855 2409 mentis

64 2432 174 2494 Gaudia
197 2432 440 2508 mortiferumque
462 2432 584 2492 adverso
606 2433 636 2492 in
658 2431 757 2492 limine
778 2430 893 2492 Bellum

62 2517 211 2593 ferreique
233 2514 428 2575 Eumenidum
450 2513 569 2574 thalami
590 2522 618 2574 et
638 2513 788 2574 Discordia
811 2515 946 2583 demens,

63 2600 214 2677 vipereum
235 2599 346 2658 crinem
368 2596 445 2656 vittis
462 2598 568 2658 innexa
588 2599 726 2657 cruentis.

105 2682 138 2742 ln
161 2681 257 2742 medio
275 2698 374 2741 ramos
395 2698 564 2760 armosaque
585 2680 725 2742 bracchia
747 2681 848 2759 pandit

63 2766 159 2827 ulmus
178 2783 268 2845 opaca
291 2766 410 2843 ingens,
433 2782 521 2843 quam
543 2764 643 2825 sedem
665 2764 784 2825 Somnia
805 2764 890 2843 volgo

64 2868 135 2911 rana
156 2859 259 2912 tenere
280 2849 380 2910 ierunt
401 2847 536 2927 foliisque
559 2848 613 2910 sub
635 2847 772 2932 omnibus
794 2850 924 2910 haerent.

62 2935 211 3014 multaque
232 2941 385 3012 praetcrea
406 2933 554 2999 variarum
576 2941 707 2993 monstra
730 2934 859 2994 serarum

65 3019 200 3081 Centauri
221 3020 250 3078 in
272 3017 385 3078 loribus
403 3006 550 3103 stabulant
571 3016 741 3097 Scyllaeque
762 3018 904 3079 biformes

63 3112 91 3163 et
113 3101 367 3178 centumgeminus
386 3102 526 3163 Briareus
549 3121 583 3162 ac
604 3100 691 3163 belua
716 3102 829 3163 hernae

62 3186 243 3248 horrendum
265 3186 406 3256 stridens,
426 3185 609 3264 flammisque
631 3196 743 3247 armata
764 3186 932 3254 Chimaera,

63 3272 215 3347 Gorgones
231 3269 434 3348 Harpyiaeque
456 3277 485 3330 et
504 3271 596 3331 forma
621 3271 793 3346 tricorporis
815 3266 948 3330 umbrae.

62 3355 184 3432 corripit
205 3352 253 3412 hic
276 3352 371 3414 subita
392 3353 524 3432 trepidus
544 3353 699 3415 formidine
722 3353 834 3414 lerrum

63 3438 174 3498 leneas
193 3437 383 3514 strictamque
405 3438 498 3498 aciem
516 3436 699 3498 venientibus
718 3437 817 3498 ollert.
