2400 3878
142 181 205 243 272
477 191 619 239 vunorm
633 190 758 238 survms
777 191 813 237 rx

139 348 236 427 prima
256 349 337 426 petit,
359 364 418 406 non
438 345 487 407 illa
507 347 611 413 rirum,
634 362 694 405 non
714 344 761 404 illa
784 342 885 422 pericli

142 432 325 509 telorumque
343 447 472 498 memor;
492 428 604 489 caelum
626 427 732 488 dehinc
751 427 902 504 questibus
923 427 1038 507 implet:
1097 434 1151 489 480

143 515 237 575 ‘hunc
257 532 310 592 ego
333 522 371 582 te,
393 512 526 592 Euryale,
549 512 673 590 aspicio?
705 521 775 571 tune
795 509 844 571 ille
863 518 996 572 senectae

142 615 209 659 sera
229 615 312 658 meae
333 598 460 676 requies,
483 596 601 674 potuisti
622 594 755 673 linquere
776 595 878 664 solam,

143 679 287 743 crudelis?
308 698 363 741 nec
382 688 423 755 te,
441 680 495 740 sub
517 687 595 741 tanta
617 678 747 757 pericula
769 680 898 747 missum,

144 765 237 826 adlari
256 773 419 825 extremum
441 764 564 824 miserae
584 762 649 822 data
672 764 755 840 copia
777 764 880 822 metrii

144 848 211 916 beu,
232 856 312 907 terra
330 848 428 925 ignota
452 846 572 907 canibus
594 846 659 906 data
678 846 787 923 praeda
806 846 913 906 laturis

144 931 316 1010 alitibusque
339 932 426 1000 iaces,
448 938 559 998 necte,
581 938 631 990 tua
652 929 755 989 lunera
778 937 871 989 mater

143 1015 268 1092 produxi
289 1014 419 1093 pressive
441 1012 541 1074 oculos
563 1022 612 1074 aut
630 1012 747 1073 volnera
769 1013 832 1082 lari,

144 1108 222 1158 veste
243 1105 355 1174 tegens,
376 1097 429 1157 tibi
451 1115 539 1176 quam
560 1104 661 1156 noctes
679 1097 784 1157 festina
806 1097 927 1176 diesque.

144 1179 285 1259 urgebam
305 1189 333 1240 et
355 1178 412 1240 tela
433 1198 520 1240 curas
541 1179 657 1240 solabar
678 1180 770 1239 anilis.

144 1283 202 1343 quo
222 1265 346 1342 sequarl
368 1271 417 1324 aut
435 1281 510 1340 quae
528 1280 607 1324 nunc
629 1272 708 1324 artus
729 1262 883 1342 avolsaque
905 1264 1037 1324 membra

144 1358 173 1409 et
194 1348 283 1409 funus
304 1346 434 1407 lacerum
456 1345 541 1407 tellus
560 1346 665 1407 babet?
697 1347 755 1407 hoc
775 1345 846 1407 mihi
867 1347 904 1409 de
922 1355 960 1418 te,

143 1441 220 1502 nate,
243 1431 353 1492 relersl
375 1430 432 1490 hoc
450 1448 514 1490 sum
536 1440 674 1509 terraque
694 1433 829 1508 marique
852 1432 968 1492 secuta?

144 1516 225 1591 figite
246 1533 303 1584 me,
326 1515 408 1592 siqua
430 1521 473 1574 est
494 1516 595 1591 pietas,
618 1515 647 1575 in
667 1532 715 1575 me
735 1516 831 1574 onmia
852 1515 909 1576 tela

144 1600 276 1673 conicite,
298 1616 315 1657 o
336 1597 444 1668 Rutuli,
467 1615 514 1658 me
535 1601 661 1677 primam
682 1597 825 1659 absumite
846 1599 942 1668 ferro;

144 1692 194 1743 aut
211 1690 251 1751 tu,
275 1698 379 1758 magne
401 1688 484 1758 pater
505 1682 609 1751 divom,
632 1682 773 1743 miserere
793 1690 903 1759 tuoque

143 1767 266 1826 invisum
287 1764 345 1824 boc
364 1764 486 1825 detrude
509 1773 595 1843 caput
612 1765 666 1824 sub
688 1765 809 1825 Tartara
832 1765 899 1836 telo,

144 1848 260 1925 quando
280 1846 364 1907 aliter
386 1865 500 1924 nequeo
520 1847 668 1908 crudelem
690 1848 867 1927 abrumpere
888 1848 992 1911 vitam!

144 1931 201 1991 hoc
219 1929 288 1990 lletu
307 1932 441 1990 concussi
463 1931 561 2000 animi,
584 1939 769 2008 maestusque
791 1950 846 2010 per
867 1936 961 1994 omnis

144 2016 165 2074 it
185 2016 324 2089 gemitus:
347 2020 465 2091 torpent
485 2014 625 2074 infractae
647 2014 683 2073 ad
703 2013 814 2091 proelia
836 2017 922 2077 vires.

143 2097 221 2158 illam
242 2095 446 2157 incendentem
467 2096 563 2158 luctus
583 2096 687 2158 idaeus
709 2105 737 2157 et
754 2099 843 2159 Actor

144 2180 244 2241 llionei
266 2180 376 2240 monitu
400 2187 428 2239 et
449 2179 574 2241 multum
595 2180 773 2243 lacrimantis
792 2181 846 2243 luli

144 2265 307 2343 corripiunt
326 2264 461 2341 interque
481 2282 585 2324 manus
607 2264 662 2325 sub
684 2272 760 2326 tecta
780 2277 936 2345 reponunt.

186 2349 221 2406 At
241 2346 312 2406 tuba
334 2346 496 2408 terribilem
517 2349 643 2408 sonitum
662 2348 766 2426 procul
790 2369 858 2411 aere
877 2368 984 2411 canoro

143 2431 303 2511 increpuit;
325 2432 457 2508 sequitur
477 2429 588 2492 clamor
611 2432 781 2512 caelumque
801 2437 936 2511 remugit.

144 2514 310 2576 adcelerant
331 2521 395 2574 acta
416 2516 525 2592 pariter
547 2517 691 2578 testudine
713 2517 808 2578 Volsci

145 2608 173 2660 et
196 2597 288 2660 iussas
308 2597 433 2677 implere
453 2608 557 2678 parant
576 2618 611 2661 ac
629 2599 736 2661 vedere
757 2600 873 2662 vallum.

145 2690 289 2760 quaerunt
310 2699 380 2760 pars
400 2682 510 2744 aditum
528 2693 557 2744 et
575 2682 660 2744 scalis
681 2685 841 2745 ascendere
860 2701 970 2753 muros,

145 2782 202 2843 qna
224 2782 292 2826 rara
315 2772 359 2825 est
380 2767 457 2826 acies
476 2766 688 2846 interlucetque
709 2785 820 2828 corona

145 2865 203 2907 non
226 2857 284 2907 tam
304 2849 397 2924 spissa
417 2849 495 2910 viris.
526 2849 652 2910 telorum
673 2850 823 2912 effundere
844 2858 944 2910 contra

145 2947 233 2989 omne
254 2945 345 3005 genus
366 2928 473 2991 Teucri
493 2950 528 2992 ac
551 2933 633 2992 duris
654 2932 811 2994 detrudere
832 2932 933 2999 contis,
1099 2943 1152 2994 olo

144 3012 257 3072 adsueti
275 3011 362 3088 longo
384 3029 485 3072 muros
506 3014 665 3076 defendere
686 3014 772 3076 bello.

144 3113 213 3157 saxa
235 3111 351 3173 quoque
372 3093 477 3155 infesto
499 3096 653 3161 volvebant
672 3098 812 3177 pondere,
835 3098 915 3176 siqua

144 3185 264 3258 possent
285 3184 391 3238 tectam
413 3180 504 3240 aciem
527 3198 734 3261 perrumpere:
754 3198 825 3241 num
847 3188 944 3242 tamen
965 3184 1059 3244 omnis

145 3262 223 3322 lerre
244 3264 321 3322 iuvat
342 3270 441 3340 supter
465 3264 554 3324 denso
575 3264 720 3325 testudine
743 3267 845 3325 casus?

145 3362 200 3404 nec
217 3346 274 3405 iam
296 3344 451 3408 sufficiunt.
485 3365 551 3408 nam
571 3364 628 3424 qua
648 3344 751 3424 globus
772 3349 905 3411 imminet
926 3351 1039 3428 ingens,
1099 3361 1150 3413 btv

145 3428 303 3488 immanem
325 3429 432 3489 'leucri
454 3431 561 3493 molem
582 3428 754 3509 volvontque
773 3444 929 3514 ruuntque,
