2400 3878
122 170 181 234 138
442 183 585 230 senemr
607 180 734 229 333333
755 181 797 227 111

63 357 67 363 ·
120 359 169 402 me
190 339 300 402 famulo
322 339 519 418 famulamque
541 337 653 400 heleno
676 337 839 398 transmisit
860 335 1036 398 habendam.

121 432 165 486 ast
187 424 270 486 illum
293 433 414 502 ereptae
436 440 542 501 magno
564 423 728 482 flammatus
751 438 852 482 amore
1071 430 1126 479 330

121 510 253 586 coniugis
276 518 305 569 et
326 507 471 569 scelerum
494 508 578 567 iuriis
600 507 725 585 agitatus
747 505 868 567 Orestes

105 594 231 671 -excipit
252 595 403 654 incautum
426 593 594 671 patriasque
617 591 777 652 obtruncat
798 589 834 650 nd
857 605 932 650 aras.

121 685 217 738 morte
239 677 424 754 Neoptolemi
445 692 605 754 regnorum
627 674 742 736 reddita
764 675 855 734 cessit

122 780 192 841 pars
214 760 336 829 Heleno,
360 763 410 841 qui
432 760 576 821 Chaonios
599 761 775 837 cognomine
798 775 919 834 campos

123 845 343 926 Chaoniamque
365 863 486 906 omnem
508 844 636 905 Troiano
658 863 674 904 a
697 843 815 906 Chaone
838 841 926 912 dixit,
1072 851 1127 901 333

122 930 324 1009 Pergamaque
347 930 521 1009 Iliacamque
543 931 619 1007 iugis
641 928 717 988 hanc
740 926 851 988 addidit
873 943 981 986 arcem.

122 1014 174 1074 sed
197 1012 250 1074 tibi
272 1016 322 1093 qui
345 1032 462 1075 cursum
487 1014 579 1084 venti,
603 1031 677 1092 quae
700 1013 759 1073 fata
782 1010 909 1072 dederet

123 1104 173 1157 aut
195 1099 329 1177 quisnam
351 1100 486 1176 ignarum
510 1099 619 1158 nostris
641 1098 712 1158 deus
734 1092 849 1176 appulit
870 1095 946 1155 crisi

123 1181 193 1261 quid
216 1200 290 1260 puer
313 1182 472 1242 Ascanius?
500 1181 677 1259 superatnei
708 1187 737 1241 31
758 1179 887 1241 vescitur
909 1197 997 1248 aura,

124 1283 200 1344 3333
221 1266 275 1325 tibi
298 1268 357 1326 iam
379 1266 468 1326 Traia
506 1308 992 1326 ..........
1070 1271 1126 1322 340

125 1450 217 1510 33333
240 1441 338 1495 tamen
362 1442 483 1513 puerost
505 1435 627 1495 amissae
650 1450 721 1494 cura
743 1432 893 1510 parentisi

125 1517 230 1597 ecquid
253 1521 284 1578 in
307 1521 455 1598 antiquam
479 1519 614 1579 virtutem
637 1520 808 1597 animosque
830 1513 921 1577 virilis

126 1611 155 1660 et
176 1610 261 1679 pater
283 1604 395 1663 Aeneas
420 1612 448 1663 et
470 1604 628 1664 avonculus
651 1604 758 1663 excitat
779 1600 924 1664 Hectorl'
1073 1611 1128 1659 343
1189 1652 1192 1659 .

125 1684 233 1764 *[3333
254 1687 378 1747 multum
401 1688 558 1747 lacrimans
577 1687 667 1748 verba
688 1687 767 1747 13133
785 1682 901 1764 singula
916 1681 1039 1766 fundit]
1073 1695 1129 1744 348

125 1769 194 1829 13113
216 1769 722 1852 13313131133313333133333333
744 1769 841 1831 ciebat
1072 1779 1130 1828 344

124 1853 275 1913 incassum
297 1853 400 1922 lletus,
424 1872 490 1914 cum
512 1872 578 1915 sese
600 1874 616 1916 a
638 1853 794 1916 moenibus
816 1854 905 1915 heros
1072 1863 1128 1913 345

124 1936 287 1997 Priamides
309 1937 408 1998 multis
429 1938 559 1999 Helenus
581 1938 790 2002 comitantibus
812 1938 908 1999 311331

125 2020 336 2101 adgnoscitque
358 2039 426 2082 suos
445 2020 597 2102 laetusque
620 2025 657 2085 ad
678 2025 780 2086 limina
802 2023 891 2088 ducit.
1073 2033 1128 2084 341

124 2105 270 2185 procedo,
295 2115 323 2167 et
345 2124 463 2185 parvam
487 2109 603 2169 Troiam
626 2108 821 2187 simulataque
844 2107 956 2184 magnis
1074 2118 1131 2169 343

124 2189 266 2267 Pergama
289 2199 317 2251 ct
339 2199 471 2252 arentem
493 2191 602 2253 Xanthi
627 2194 804 2271 cognomine
824 2193 919 2252 rivom
1074 2203 1131 2254 330

125 2273 272 2350 adgnosco
295 2275 464 2354 Scaeaeque
487 2277 649 2357 amplector
671 2278 775 2338 limina
797 2282 910 2356 portae.

124 2375 180 2417 333
202 2376 262 2418 333
286 2368 315 2419 31
335 2360 442 2421 Teucri
464 2363 544 2422 socia
567 2360 653 2421 simul
675 2361 750 2422 urbe
771 2362 921 2422 fruuntur.

125 2440 192 2502 illos
215 2443 381 2520 porticibus
404 2463 456 2504 rex
479 2445 642 2524 accipiebat
663 2451 693 2508 in
716 2445 836 2524 amplis:

125 2525 202 2586 aulai
224 2527 321 2588 medio
345 2527 477 2590 libabant
499 2531 604 2608 pocula
626 2531 733 2592 bacchi

124 2612 270 2690 impositis
293 2631 364 2673 auro
388 2614 525 2693 dapibus,
551 2623 724 2694 paterasque
746 2613 896 2675 tenebant.

167 2694 287 2772 lamque
311 2696 373 2758 dies
396 2697 526 2776 alterque
550 2700 614 2760 dios
636 2701 793 2778 processit,
819 2707 848 2759 31
870 2716 959 2760 aurae

124 2777 186 2838 vela
209 2788 314 2841 vocant
336 2782 507 2860 tumidoque
529 2783 649 2843 13113133
670 2784 811 2845 carbasus
832 2792 941 2845 austro.

125 2862 171 2922 his
194 2869 289 2922 vatem
312 2865 470 2940 adgredior
492 2865 576 2926 dictis
598 2884 632 2926 ac
655 2867 722 2927 talia
744 2885 864 2947 quaeso.

126 2945 318 3023 ‘Troiugena
343 2951 491 3026 interpres
514 2948 624 3019 divom,
649 2953 698 3027 qui
721 2955 843 3025 numina
866 2948 993 3020 Phoebi,

125 3031 175 3109 qui
198 3029 341 3108 tripodas,
366 3030 454 3092 Clarii
476 3030 592 3105 laurus,
615 3035 665 3112 qui
687 3035 783 3095 sidera
805 3039 898 3097 sentis
1074 3047 1134 3100 330

125 3121 154 3173 31
178 3112 328 3174 volucrum
351 3116 466 3192 linguas
489 3124 518 3176 et
539 3120 689 3197 praepetis
711 3122 810 3181 omina
831 3117 957 3199 pinuae,

124 3196 187 3257 1333
211 3215 264 3275 age
287 3202 425 3278 (namque
448 3204 543 3262 omnis
566 3221 685 3263 cursum
709 3204 780 3264 mibi
802 3220 948 3283 prospera
970 3203 1046 3266 dixit

124 3280 245 3359 religio,
270 3291 299 3343 et
321 3288 420 3345 333311
442 3296 600 3348 333333331
622 3290 742 3348 numine
765 3289 823 3348 divi

124 3365 237 3427 ltaliam
259 3378 361 3446 petere
384 3379 413 3430 et
435 3378 529 3431 terras
551 3379 695 3452 temptare
717 3380 865 3452 repostas;

123 3448 183 3510 sola
207 3469 312 3512 novom
335 3454 473 3534 dictuque
496 3457 578 3517 naias
600 3457 722 3537 harpyia
745 3455 872 3517 Celaeno
1082 3470 1139 3523 303
