2400 3878
103 170 165 231 tid
423 184 707 231 renunciaturum
731 184 780 231 ru

103 336 149 397 iile
171 346 201 397 ut
224 340 367 413 vestigans
389 338 501 397 diversa
524 356 575 413 pur
598 340 711 413 agmina
733 338 864 400 Turnum

102 418 159 479 buc
181 430 268 499 atque
291 420 347 480 buc
370 424 446 481 acius
468 421 652 483 circumtulit.
676 424 776 499 aspicit
796 421 900 483 urbem

101 506 260 563 immunem
283 506 353 563 tanti
375 502 442 562 beili
465 514 551 583 atque
572 506 688 581 impune
711 506 846 584 quietam.

101 588 238 647 continuo
258 606 371 665 pugnae
394 586 524 647 accendit
546 588 663 647 maioris
681 590 791 665 imago:
1058 600 1107 655 dot

101 670 247 731 binestirea
271 672 498 749 Sergestumque
521 679 603 731 vocat
625 672 789 751 sortemque
811 672 962 733 Serestum

101 754 238 813 ductores
261 754 463 831 tumulumque
486 756 570 833 capit.
593 772 651 831 quo
674 765 769 817 cetera
790 754 935 817 Teucrum

99 840 249 898 concurrit
272 835 347 915 legio
368 856 422 897 nec
444 848 525 899 scuta
547 848 597 899 aut
619 839 729 917 eluenda
751 840 833 901 densi

99 920 257 998 deponunt.
290 920 367 979 celso
389 919 500 981 rnedius
520 932 600 981 suns
621 938 728 999 aggere
751 922 838 983 tatur:

100 1014 208 1079 ‘nequa
231 1005 303 1063 meis
325 1014 386 1065 estu
409 1004 492 1065 dietis
511 1024 593 1065 unua
616 1006 754 1083 (iuppiter
774 1006 829 1068 bac
847 1010 923 1085 stat),

99 1104 154 1144 nem
178 1088 241 1163 qrris
263 1086 301 1147 ob
322 1088 471 1165 inceptum
491 1088 620 1148 subitum
642 1090 713 1149 mibi
735 1092 852 1169 segrrior
869 1091 919 1149 ito.

99 1168 202 1229 urbem
221 1168 317 1237 bodie,
343 1188 460 1229 causam
482 1170 559 1235 beili.
583 1190 673 1249 regua
696 1176 757 1251 ipsa
776 1173 878 1241 Latini.

100 1254 129 1312 ni
152 1252 266 1314 ireuum
289 1254 422 1331 accipere
445 1262 473 1311 et
493 1256 558 1314 victi
580 1273 683 1331 parere
705 1258 839 1327 fatentur,

99 1354 200 1397 eruam
224 1346 253 1397 et
276 1355 367 1415 aequa
391 1336 453 1397 soio
476 1338 614 1399 fumantia
637 1339 762 1401 uriruina
783 1356 898 1418 ponam.

98 1418 207 1481 scilicet
228 1430 387 1500 expectem,
411 1420 498 1483 dibeat
519 1424 588 1484 duru
612 1422 722 1503 proelia
743 1422 843 1484 Turno

98 1516 196 1565 nostra
219 1507 277 1584 pati
299 1524 458 1585 rursusque
480 1506 548 1568 relit
570 1525 747 1569 concurrere
766 1507 875 1567 rictus!

97 1587 153 1649 boc
176 1600 272 1670 caput,
295 1610 312 1650 o
332 1592 416 1657 ciues,
439 1590 512 1652 baec
533 1590 601 1652 belli
621 1608 733 1652 summa
754 1590 885 1651 nefandi:

98 1670 171 1733 ierte
196 1674 273 1734 iaces
291 1692 418 1753 propere
440 1675 600 1754 foedusque
618 1677 762 1753 reposcite
780 1673 920 1735 dammis!

96 1755 216 1821 dixerat,
240 1766 326 1833 atque
348 1758 450 1817 animis
468 1762 578 1837 pariter
600 1759 778 1819 certantibus
796 1774 898 1819 omnes

96 1837 164 1915 dant
187 1855 310 1899 cuneum
333 1839 479 1917 densaque
500 1842 536 1900 ad
558 1858 658 1900 muros
680 1841 756 1903 mole
776 1842 919 1902 feruntur.

92 1914 190 1981 'scalae
210 1920 357 1995 inproviso
379 1920 551 1999 subitusque
572 1925 705 1999 apparuit
726 1925 810 1999 ignis.

96 2003 262 2063 discurrunt
282 2001 329 2061 alii
352 2001 387 2059 ad
406 2010 506 2078 portas
528 2004 696 2081 primosque
719 2005 873 2069 trucidant.

95 2086 206 2145 terrum
229 2082 276 2145 alii
296 2092 434 2159 torquent
454 2092 482 2144 et
504 2084 679 2145 obumbrant
700 2086 819 2147 aethora
840 2085 905 2146 telis

95 2170 157 2247 ipse
176 2172 250 2227 inter
271 2167 382 2244 primos
405 2165 535 2227 dextram
555 2166 610 2227 sub
633 2168 748 2227 moenia
766 2168 859 2228 tendit

95 2254 206 2311 Aeneas
226 2264 389 2327 rrragnaquo
406 2249 520 2308 incusat
539 2266 610 2310 roce
628 2249 763 2310 Latinum

95 2343 274 2415 testaturque
295 2332 373 2397 deos.
396 2331 502 2392 iterum
523 2348 555 2391 se
576 2331 613 2391 ad
633 2331 744 2411 proelia
767 2334 840 2411 cogi,

95 2420 139 2481 nis
162 2421 217 2481 iam
240 2416 325 2479 italos
346 2414 444 2481 bostis,
462 2414 535 2475 haec
555 2414 646 2476 altera
667 2416 785 2478 foedera
807 2418 912 2497 rumpi.

96 2506 225 2565 exoritur
247 2500 373 2579 uepidos
394 2500 470 2559 inter
487 2496 632 2560 discordia
653 2501 738 2561 ciris:

95 2588 199 2649 urbem
221 2586 267 2649 aiii
285 2600 416 2646 reserare
436 2580 538 2642 iubent
560 2589 588 2641 et
609 2584 740 2661 pandere
758 2594 858 2665 portas

95 2671 265 2733 Dardanidis
286 2671 437 2748 ipsumque
455 2663 574 2724 trahunt
596 2666 625 2726 in
647 2669 760 2729 moenia
781 2686 891 2747 regem,

95 2773 176 2817 arma
200 2758 295 2816 terunt
314 2752 362 2815 uit
381 2757 410 2813 ot
425 2755 552 2828 pergunt
573 2747 731 2811 defendere
752 2770 861 2814 muros.

95 2838 221 2898 inclusas
244 2845 275 2898 ut
295 2855 362 2899 cum
379 2832 524 2895 latebroso
542 2832 572 2890 iu
591 2835 708 2908 pumice
726 2843 826 2913 pastor

95 2921 242 2997 vestigavit
261 2938 331 2999 apes
352 2920 489 2997 fumoque
507 2913 635 2992 implevit
656 2933 770 2976 amaro:

95 3001 161 3063 iilae
183 3006 259 3063 intus
281 3002 411 3081 uepidac
430 3015 528 3063 rerum
547 3013 602 3076 per
623 3014 707 3058 cerea
730 3006 823 3060 castra

95 3086 264 3147 discurrunt
284 3088 455 3164 magnisque
474 3087 582 3143 acuunt
601 3079 774 3140 stridoribus
794 3083 867 3152 iras;

94 3167 216 3229 volvitur
237 3178 299 3231 ator
319 3169 393 3231 odor
414 3167 506 3236 tectis,
528 3172 589 3225 tum
610 3180 762 3223 murmuro
783 3182 870 3227 caeco

94 3252 171 3313 intus
192 3269 261 3313 saxa
280 3261 392 3323 sonant,
413 3266 516 3313 vacuas
536 3249 558 3309 it
578 3247 675 3307 tumus
696 3246 732 3306 ad
751 3264 845 3309 auras.

136 3334 244 3397 Accidit
265 3335 338 3396 baec
357 3335 441 3395 fessis
461 3334 547 3395 otiam
568 3331 682 3391 fortuna
701 3328 819 3401 Latinis,

93 3433 168 3493 quae
189 3426 278 3477 totam
300 3418 379 3478 iuotu
401 3417 546 3478 concussit
566 3411 695 3474 funditus
717 3412 830 3473 urbem.
