2400 3878
393 228 536 276 vultum
558 228 682 276 nnnuls
706 229 731 275 11

99 380 171 440 lline
193 380 272 441 lerro
297 384 434 460 accingor
449 400 553 443 rursus
576 380 728 459 clipeoque
750 381 896 440 sinistram

56 462 233 524 insertabam
253 471 355 541 aptans
376 484 481 544 meque
504 475 585 527 extra
603 472 680 526 tecta
702 463 843 524 ferebam.

56 565 125 607 ecce
145 555 241 607 autem
264 548 414 626 complexa
437 550 526 627 pedes
547 551 577 608 in
599 548 698 608 limine
719 548 844 608 coniunx

56 629 209 699 haerebat,
233 648 412 712 parvamque
433 635 507 711 patri
527 632 666 693 tendebat
687 630 798 691 lulum:

57 713 96 772 ‘si
118 715 267 790 periturus
290 715 367 786 abis,
391 724 419 777 et
440 734 494 776 nos
516 734 587 794 rape
608 718 637 775 in
660 715 756 775 omnia
777 721 889 783 tecum;
1018 721 1067 778 ⁶7⁵

55 798 99 855 sin
119 796 244 874 aliquam
268 807 406 876 expertus
425 801 548 878 sumptis
569 818 651 878 spem
672 800 758 877 ponis
778 798 931 869 inarmis,

56 879 131 940 hanc
151 881 279 958 primum
301 890 397 944 tutare
419 883 549 944 domum.
594 884 640 943 cui
662 899 766 960 parvos
787 880 881 949 Iulus,

56 965 102 1021 cui
124 971 206 1040 pater
231 973 258 1025 et
279 968 405 1027 coniunx
424 967 571 1045 quondam
591 973 641 1027 tua
664 967 739 1026 dicta
761 962 942 1043 relinquori'

97 1046 178 1106 Talia
201 1050 364 1110 vociferans
382 1053 491 1129 gemitu
513 1058 622 1111 tectum
649 1067 735 1109 omne
756 1048 902 1126 replebat,
999 1046 1004 1053 ’

56 1147 122 1190 cum
142 1130 271 1192 subitum
292 1133 429 1212 dictuque
451 1136 543 1194 oritur
565 1132 698 1194 mirabile
718 1140 891 1193 monstrum.
1019 1140 1069 1194 680

56 1230 181 1292 namque
203 1232 307 1277 manus
328 1218 403 1278 inter
422 1226 659 1296 maestorumque
679 1234 730 1276 ora
751 1224 906 1295 parentum

55 1314 123 1356 ecce
145 1297 215 1357 levis
238 1317 352 1359 summo
370 1301 406 1361 de
428 1304 535 1362 vertice
561 1304 637 1361 visus
658 1298 712 1360 luli

56 1379 179 1440 sundere
199 1379 297 1442 lumen
320 1401 407 1460 apex,
429 1391 566 1462 tactuque
585 1385 702 1444 innoxia
722 1381 817 1442 mollis

56 1461 186 1523 lambere
209 1463 325 1524 llamma
347 1483 444 1526 comas
465 1475 493 1527 et
515 1468 625 1527 circum
647 1474 779 1542 tempera
801 1464 890 1542 pasci.

56 1563 109 1604 nos
130 1546 225 1623 pavidi
243 1547 391 1625 trepidare
411 1557 506 1617 metu,
531 1550 701 1626 crinemque
723 1547 893 1623 llagrantem

56 1637 193 1690 excutere
216 1639 244 1689 et
267 1638 381 1691 sanctos
403 1633 585 1710 restinguere
606 1629 735 1690 lentibus
756 1631 847 1708 ignes.

56 1720 84 1772 n
106 1721 189 1791 pater
211 1715 352 1776 Anchises
370 1714 470 1776 oculos
492 1715 528 1775 ad
548 1715 643 1775 sidera
665 1712 757 1774 laetus

56 1796 170 1867 extulit,
195 1807 223 1859 et
242 1798 323 1859 caele
346 1799 456 1878 palmas
479 1816 545 1859 cum
566 1816 638 1859 roca
659 1797 796 1858 tetendit:

56 1880 202 1958 ‘luppiter
225 1884 423 1960 omnipotens,
442 1881 579 1960 precibus
602 1883 626 1941 si
646 1881 773 1943 flecteris
795 1880 875 1952 ullis,

55 1967 153 2041 aspice
176 1983 230 2025 nos
252 1966 308 2027 hoc
325 1973 452 2036 tantum;
476 1973 520 2036 et,
543 1968 568 2026 si
588 1967 696 2044 pietate
717 1982 881 2036 meremur,

56 2047 91 2106 da
110 2048 216 2109 deinde
242 2051 411 2127 augurium,
433 2058 533 2129 pater,
556 2056 643 2128 atque
664 2049 738 2109 baec
757 2049 854 2109 omina
875 2047 984 2109 firma!

97 2130 150 2191 Vix
171 2150 204 2193 ea
226 2132 301 2193 latus
323 2140 386 2195 erat
407 2136 521 2202 senior,
544 2133 700 2210 subitoque
720 2134 839 2211 fragore

55 2216 181 2275 intonuit
202 2216 329 2287 laevom,
354 2218 437 2278 etde
458 2217 538 2278 caelo
560 2216 640 2294 lapsa
660 2234 714 2295 per
737 2215 856 2276 umbras

54 2296 135 2357 stella
160 2299 252 2359 lacem
281 2302 391 2361 ducens
414 2301 504 2362 multa
527 2319 593 2362 cum
612 2300 678 2360 luce
701 2304 839 2360 cucurrit.

55 2380 148 2450 illam,
174 2400 287 2443 summa
307 2402 396 2462 super
418 2384 564 2445 labentem
586 2383 712 2444 culmina
734 2384 818 2451 tecti,

56 2467 204 2525 cernimus
224 2466 309 2526 ldaea
331 2466 441 2526 claram
462 2485 494 2528 se
517 2465 644 2526 condere
665 2464 734 2525 silva

55 2550 278 2625 signantemque
299 2549 374 2616 vias;
397 2558 458 2608 tum
480 2549 567 2625 longe
588 2547 680 2606 limite
701 2547 801 2607 sulcus

56 2628 105 2688 dat
122 2629 234 2698 lucem,
257 2639 285 2690 et
304 2629 361 2690 late
384 2633 494 2689 circum
515 2629 579 2689 loca
601 2628 721 2705 sulpure
738 2629 858 2688 lumant.

57 2711 105 2771 bic
127 2731 197 2773 vero
221 2714 313 2773 victus
335 2715 450 2791 genitor
470 2731 502 2773 se
523 2712 625 2772 tollere
647 2711 683 2772 ad
706 2730 804 2772 auras:

55 2795 228 2875 adfaturque
251 2797 320 2857 deos
343 2804 371 2858 et
392 2804 526 2857 sanctum
547 2796 627 2856 sidus
649 2794 759 2856 adorat.

55 2880 128 2939 ‘iam
149 2883 206 2939 iam
228 2880 306 2942 nulla
329 2889 456 2948 morast;
479 2898 588 2959 sequor
608 2885 636 2940 et
658 2897 714 2958 qua
737 2880 841 2941 ducitis
863 2878 973 2939 adsum.

55 2963 83 3023 di
106 2965 204 3041 patrii,
227 2973 341 3026 servate
363 2965 496 3034 domum,
517 2972 630 3024 servate
651 2972 797 3040 nepotem.

55 3055 182 3108 vestrum
204 3047 262 3108 boc
284 3049 453 3125 augurium,
477 3055 633 3126 vestroque
652 3048 682 3106 in
704 3049 823 3108 numine
843 3046 966 3107 Troiast.

56 3131 129 3189 cedo
152 3132 286 3209 equidem
307 3151 375 3203 nec,
397 3139 479 3201 nate,
503 3130 553 3191 tibi
576 3147 674 3192 comes
694 3132 737 3191 ire
758 3129 888 3192 recusc’

56 3213 169 3273 dixerat
186 3212 249 3283 ille,
274 3226 302 3276 et
322 3217 379 3276 iarn
401 3233 455 3293 per
476 3217 591 3275 moenia
614 3212 720 3274 clarior
737 3215 812 3290 ignis

56 3297 187 3367 auditur,
213 3301 393 3377 propiusque
415 3305 513 3359 aestus
533 3296 666 3358 incendia
688 3296 812 3356 volvont.

57 3391 143 3456 ‘ergo
166 3398 234 3458 age,
257 3399 323 3442 care
342 3391 441 3460 pater,
465 3382 570 3443 cervici
590 3383 734 3458 inponere
754 3387 887 3450 nostrae,

56 3463 119 3540 ipse
141 3463 247 3524 subibo
269 3467 393 3534 umeris.
415 3483 470 3527 uec
491 3483 539 3526 me
561 3462 645 3525 labor
668 3463 723 3524 iste
744 3463 882 3541 gravabit.
