2400 3878
150 187 213 250 372
467 200 497 247 r.
519 199 663 247 venena
685 199 837 248 uanoms

149 371 321 432 suspensam
344 352 474 431 gaudens
495 355 525 412 in
549 372 673 432 corpore
694 352 796 415 ludere
817 364 926 414 vestem

149 445 179 497 et
199 436 327 497 tumidos
349 438 476 514 agitante
498 439 579 497 sinus
601 438 736 516 aquilone
758 437 900 498 relaxans.
1114 450 1165 502 tei

150 520 276 581 necdum
300 522 387 580 etiam
410 530 505 580 castos
527 530 693 598 gustaverat
714 523 790 599 ignis
812 521 948 588 honores,

149 604 274 664 necdum
297 602 430 663 sollemni
452 603 570 682 lympha
592 605 709 683 perfusa
731 603 869 664 sacerdos

148 687 287 767 pallentis
308 687 385 747 foliis
407 697 494 766 caput
516 697 674 748 exornarat
696 688 802 749 olivae:

148 790 216 832 cum
237 770 318 849 lapsa
340 789 357 831 e
378 770 513 831 manibus
535 772 609 848 fugit
630 772 698 850 pila.
721 790 847 851 cumque
870 771 966 850 elapsa
987 783 1043 843 est,

147 858 297 933 procurrit
318 856 412 932 virgo.
437 855 515 934 quod
537 857 579 915 uti
602 874 638 914 ne
660 854 776 934 prodita
798 854 867 915 ludo

147 948 278 999 auratam
301 936 403 1015 gracili
425 938 564 999 solvisses
586 957 710 1018 corpore
732 937 854 1017 pallam!

148 1024 261 1090 omnia,
285 1040 359 1100 quae
381 1024 509 1082 retinere
532 1021 655 1099 gradum
678 1040 838 1101 cursusque
859 1023 970 1082 morari

147 1114 280 1183 possent,
304 1123 321 1163 o
344 1112 441 1165 tecum
464 1104 567 1164 vollem
591 1112 622 1164 tu
643 1123 761 1182 semper
783 1103 921 1166 haberes:

147 1206 206 1247 non
228 1206 367 1266 umquam
388 1186 493 1247 violata
514 1206 603 1248 manu
625 1190 753 1249 sacraria
776 1189 857 1248 dirae

145 1271 286 1340 iurando,
309 1269 424 1339 infelix,
449 1272 624 1349 nequiquam
647 1273 712 1331 iura
732 1273 859 1349 piasses!

147 1362 177 1415 at
198 1357 222 1414 si
244 1356 309 1435 quis
331 1357 466 1415 nocuisse
488 1353 540 1414 tibi
563 1357 691 1433 periuria
715 1355 823 1424 credat,

146 1455 233 1499 causa
255 1440 303 1519 pia
325 1447 384 1499 cst:
407 1440 503 1499 timuit
524 1438 608 1498 fratri
630 1458 662 1499 sc
684 1438 853 1506 ostendere,
877 1439 959 1498 luno.

434 1572 860 1613 *²1¹*ssss

146 1698 176 1752 at
196 1689 267 1750 levis
289 1689 338 1750 ille
359 1690 431 1751 deus
470 1691 517 1750 cui
538 1707 655 1768 semper
678 1689 714 1748 ad
736 1688 934 1749 ulciscendum

145 1775 297 1853 quaeritur
319 1793 355 1833 ex
377 1775 457 1833 omni
479 1780 599 1834 ventosa
620 1774 727 1832 iniuria
750 1773 837 1843 dicto,

145 1874 233 1917 aurea
254 1855 377 1934 fulgenti
399 1856 576 1934 depromens
598 1855 655 1916 tela
675 1857 814 1934 pharetra

143 1939 202 2000 heu
224 1940 347 1999 nimium
370 1946 451 1999 certo
473 1941 596 1999 nimium
618 1941 760 2000 torrentia
782 1941 847 1998 nisu

143 2024 267 2100 virginis
289 2023 321 2082 in
343 2029 445 2082 tenera
468 2022 608 2082 defixerat
629 2025 727 2082 omnia
749 2030 857 2082 mente.

187 2107 267 2177 Quae
289 2104 375 2166 simul
397 2106 534 2167 arvenis
556 2105 653 2165 hausit
673 2105 838 2165 sitientibus
858 2108 959 2183 ignem

144 2197 174 2251 et
195 2188 321 2250 validum
342 2191 459 2268 penitus
480 2190 616 2268 concepit
637 2190 667 2248 in
690 2206 755 2250 ossa
776 2189 916 2257 furorem,

144 2291 228 2334 saeva
251 2271 329 2332 velut
350 2271 454 2350 gelidis
476 2272 610 2332 Edonum
633 2272 763 2333 Bistonis
784 2274 844 2332 cris

144 2359 238 2418 ictave
264 2355 419 2417 barbarico
442 2354 562 2436 Cybeles
584 2357 712 2417 antistita
733 2355 820 2425 buxo,

144 2439 246 2501 infelix
267 2442 348 2518 virgo
372 2450 432 2501 tota
452 2441 613 2501 bacchatur
635 2442 665 2500 in
688 2440 770 2512 urhe,

144 2542 205 2585 non
226 2532 341 2588 storace
363 2525 450 2585 idaeo
471 2525 637 2603 fragrantes
657 2526 749 2586 tincta
770 2523 899 2602 capillos,

144 2609 261 2687 cognita
283 2627 342 2669 non
364 2610 474 2670 teneris
495 2608 619 2688 pedibus
641 2609 776 2687 Sicyonia
798 2624 925 2676 servans,

144 2704 204 2751 non
226 2693 311 2753 niveo
333 2693 464 2753 retinens
485 2691 589 2753 bacata
610 2692 729 2752 monilia
752 2691 837 2752 collo.

142 2775 267 2836 multum
289 2775 332 2836 illi
352 2778 466 2836 incerto
488 2777 637 2856 trepidant
658 2777 779 2854 vestigia
801 2794 902 2835 cursu:

143 2875 230 2938 saepe
252 2858 329 2919 redit
349 2862 460 2938 patrios
482 2859 642 2920 ascendere
663 2859 778 2938 perdita
799 2878 899 2921 muros

144 2942 297 3019 aeriasque
319 2943 389 3026 facit
410 2960 527 3003 causam
550 2961 582 3003 se
603 2943 697 3002 risere
719 2950 831 3011 turres;
958 2944 964 2957 ⁴

142 3041 232 3102 saepe
255 3025 342 3084 ctiam
363 3026 463 3085 tristes
484 3023 602 3085 volvens
623 3025 654 3084 in
676 3032 763 3086 nocte
784 3024 929 3105 querellas

142 3105 262 3170 sedibus
284 3125 320 3168 ex
341 3105 408 3168 altis
430 3107 502 3168 caeli
525 3106 692 3187 speculatur
713 3110 745 3169 in
766 3109 868 3168 orbem

142 3198 297 3271 castraque
317 3199 486 3272 prospectat
507 3192 620 3252 crebris
641 3191 767 3253 lucentia
788 3192 921 3254 flammis.

142 3292 205 3338 non
225 3286 328 3354 arguta
349 3284 455 3337 sonant
476 3278 556 3336 tenui
577 3275 716 3355 psalteria
738 3276 858 3342 chorda,

142 3373 204 3420 non
223 3356 334 3436 libyco
354 3359 456 3420 molles
478 3359 655 3439 plauduntur
677 3360 792 3438 pectine
814 3358 898 3432 telae,

142 3438 223 3504 nulla
243 3441 341 3503 colum
363 3444 457 3514 novit,
480 3461 581 3505 carum
604 3460 663 3503 non
685 3445 806 3520 respicit
826 3460 936 3513 aurum,
