2400 3878
149 196 205 260 tas
485 207 626 255 vnucuu
649 205 772 254 annuus
796 207 821 253 11

143 374 228 443 parta
250 363 316 424 tibi:
337 362 472 423 lacrimas
495 360 617 422 dilectae
640 361 716 441 pelle
739 361 874 423 Creusae.

145 465 204 507 non
226 464 280 524 ego
298 446 512 525 Myrmidonum
535 446 620 506 sedes
642 445 821 522 Dolopumve
844 444 985 523 superbas
1114 461 1168 516 735

145 532 282 608 aspiciam
304 539 354 591 aut
376 530 459 589 Grais
479 531 617 590 servitum
639 529 780 589 matribus
799 529 847 589 ibo

145 613 286 674 Dardanis
309 622 337 674 et
359 614 439 673 divae
462 612 581 673 Veneris
602 630 709 682 nurus,

144 697 196 757 sed
218 716 264 758 me
288 714 393 776 magna
416 697 503 758 deum
526 698 658 774 genetrix
680 696 725 756 his
745 696 855 757 detinet
877 697 945 757 cris.

145 783 260 860 iamque
281 780 344 841 vale
365 790 394 841 et
414 781 473 842 nati
495 798 577 840 serra
598 779 761 840 communis
783 779 937 841 amorem’

146 865 219 925 haec
241 864 291 924 ubi
313 865 388 925 dicta
410 864 503 933 dedit,
527 862 727 924 lacrimantem
750 872 779 925 et
800 862 888 925 multa
908 862 1052 927 valentem
1112 879 1169 934 790

146 949 244 1008 dicere
266 948 409 1018 deseruit,
428 951 582 1027 tenuisque
604 949 724 1008 recessit
745 949 775 1007 in
797 965 893 1009 auras.

145 1038 190 1092 ter
213 1038 333 1092 conatus
355 1031 395 1091 ibi
418 1030 491 1092 ccllo
512 1031 582 1092 dare
603 1030 739 1092 bracchia
758 1033 889 1101 circum:

146 1124 191 1176 ter
214 1115 323 1174 frustra
346 1134 520 1193 comprensa
541 1133 646 1175 manus
669 1115 770 1192 effugit
790 1116 901 1192 imago,

147 1216 201 1276 par
221 1197 332 1259 levibus
351 1201 444 1260 uentis
466 1197 634 1276 volucrique
654 1197 797 1259 simillima
818 1216 930 1260 somno.

146 1282 188 1342 sic
210 1282 328 1342 demum
347 1285 441 1343 socios
463 1291 633 1360 consumpta
655 1292 740 1343 nocte
762 1284 865 1343 reviso.
1112 1296 1167 1352 795

187 1366 281 1444 Atque
303 1366 351 1426 hic
371 1368 519 1444 ingentem
541 1368 678 1427 comitum
700 1366 855 1427 adfluxisse
877 1385 1019 1430 novorum

145 1450 259 1509 invenio
281 1450 427 1510 admirans
449 1468 618 1518 numerum,
642 1458 808 1528 matresque
831 1452 980 1530 virosque,

147 1532 298 1594 collectam
320 1533 404 1594 exilio
426 1534 551 1612 pubem,
575 1533 739 1595 miserabile
760 1532 871 1612 volgus.

147 1616 276 1693 undique
297 1635 475 1686 convenere,
500 1619 602 1678 animis
623 1617 785 1696 opibusque
806 1621 915 1696 parati,

146 1700 175 1758 in
198 1718 398 1779 quascumque
419 1701 503 1762 velim
526 1701 629 1779 pelago
653 1702 797 1762 deducere
816 1710 919 1765 terras.
1115 1718 1171 1774 8⁰⁰

147 1783 262 1858 iamque
284 1785 358 1860 iugis
380 1803 511 1845 summae
531 1783 671 1861 surgebat
694 1784 810 1845 Lucifer
833 1787 901 1849 ldae

146 1865 329 1944 ducebatque
351 1867 442 1937 diem,
467 1867 615 1944 Danaique
637 1867 756 1928 obsessa
778 1868 915 1931 tenebant

146 1946 244 2009 limma
265 1959 432 2026 portarum,
455 1970 509 2012 nec
528 1969 595 2029 spes
618 1954 681 2029 opis
702 1951 761 2012 ulla
783 1952 920 2016 dabatur:

146 2033 220 2093 cessi
243 2041 272 2091 et
293 2032 408 2096 sublato
430 2042 543 2096 montes
562 2037 695 2111 genitore
715 2037 812 2112 petivi.
