2400 3878
145 182 207 245 386
466 195 496 241 Ρ.
519 192 662 240 vnncnn
685 191 838 239 uesoms

187 350 262 408 Tum
291 366 407 426 quoquc
430 347 486 408 tale
508 347 617 426 aliquid
639 347 782 406 meditans
804 349 963 406 intraverat
984 346 1117 408 hortum.

143 452 177 496 ae
202 433 345 512 primum,
368 430 471 491 letifer
494 431 592 507 digitis
613 429 718 490 tellure
740 433 861 500 refossa,

145 523 282 594 quattuor
305 515 403 574 educit
425 533 492 574 cum
515 516 616 592 spissis
637 513 692 573 alia
714 513 810 583 fibris;

145 599 214 658 inde
237 615 336 658 comas
357 600 416 676 apii
438 598 562 676 graciles
584 607 739 676 rutamque
761 600 906 676 rigentem
1126 603 1161 656 90

146 681 224 741 vellit
247 690 276 741 ct
298 684 402 758 exiguo
425 681 580 741 coriandra
602 683 757 741 trementia
779 682 837 741 filo.

145 766 219 824 haec
240 765 291 825 ubi
313 764 445 842 collegit,
469 765 576 824 laetum
599 765 732 824 consedit
753 765 789 825 ad
811 767 908 842 ignem

145 856 173 908 et
196 848 275 909 clara
297 848 435 911 famulam
457 851 552 927 poscit
573 849 714 909 mortaria
735 866 815 908 voce.

146 932 258 1010 singula
280 942 342 992 tum
366 935 493 1010 capilum
516 930 628 991 nodoso
650 934 760 992 cortice
783 932 873 991 nudat

147 1025 176 1075 et
198 1017 319 1075 summis
341 1015 447 1093 spoliat
468 1017 557 1075 coriis
578 1024 804 1094 contemptaque
825 1017 934 1094 passim
1126 1020 1162 1072 95

145 1101 256 1177 spargit
278 1099 361 1158 humi
382 1108 469 1177 atque
492 1099 588 1158 abicit.
612 1108 760 1159 servatum
782 1101 813 1158 ln
835 1101 969 1176 germine
990 1095 1116 1157 bulbum

146 1184 251 1260 tinguit
273 1200 348 1261 aqua
370 1179 531 1260 lapidisque
554 1200 655 1241 carum
679 1184 798 1243 dimittit
818 1185 848 1242 in
872 1182 982 1242 orbem.

146 1267 192 1326 his
212 1265 280 1326 salis
303 1267 446 1342 inspergit
467 1268 572 1335 micas,
596 1265 656 1324 sale
679 1265 769 1326 durus
791 1267 879 1326 adeso

146 1367 248 1410 caseus
270 1350 410 1418 adicitur,
434 1347 525 1409 dictas
548 1367 638 1427 super
655 1351 765 1426 ingerit
785 1349 904 1419 herbas,

146 1452 176 1492 ee
197 1432 277 1493 laeva
300 1442 408 1492 vestem
425 1439 540 1493 saetosa
554 1431 610 1493 sub
625 1434 746 1509 inguina
768 1432 864 1493 fulcit:

147 1517 267 1576 dextera
288 1516 396 1595 pistillo
419 1519 547 1595 primunr
569 1516 730 1591 fragrantia
752 1515 846 1576 mollit

147 1601 217 1670 alia,
241 1609 303 1660 tum
325 1602 436 1678 pariter
459 1602 549 1660 mixto
573 1602 641 1658 terit
663 1601 760 1658 omnia
782 1617 863 1659 suco.

146 1685 168 1742 it
189 1702 293 1744 manus
314 1686 344 1742 in
367 1702 485 1761 gyrum:
509 1682 648 1762 paulatim
671 1682 784 1759 singula
806 1685 882 1741 n'rcs

147 1767 312 1844 deperdunt
333 1770 482 1845 proprias;
507 1767 589 1826 color
611 1775 656 1826 est
678 1785 694 1826 e
715 1766 849 1844 pluribus
872 1783 955 1834 unus

146 1868 202 1909 nec
223 1858 301 1911 totus
323 1851 437 1920 viridiS,
461 1853 528 1929 quia
550 1850 644 1909 lactea
664 1851 757 1909 frusta
779 1857 952 1927 repugnant,

147 1951 202 1992 nec
223 1933 260 1993 de
282 1933 356 1993 lacte
379 1936 489 2003 nitens,
514 1936 581 2012 quia
604 1940 647 1992 tot
668 1935 797 1993 variatur
819 1933 854 1992 ab
878 1931 987 1991 herbis.

148 2034 236 2094 saepe
258 2017 314 2075 viri
335 2035 422 2076 nares
445 2035 513 2076 acer
535 2016 679 2077 iaculatur
702 2025 818 2095 apertas

146 2101 266 2177 spiritus
289 2107 317 2158 ct
338 2101 412 2159 simo
436 2101 554 2161 damnat
576 2119 628 2160 sua
650 2100 772 2179 prandia
794 2099 888 2167 roltu;

147 2200 235 2260 saepe
257 2200 346 2242 manu
368 2202 481 2244 summa
503 2184 687 2244 lacrimantia
708 2183 819 2244 lumina
842 2184 931 2259 tergit

147 2267 342 2345 inmoritoque
364 2267 466 2328 furens
489 2269 559 2327 dicit
581 2269 711 2327 convicia
733 2268 824 2327 fumo.

147 2351 326 2428 procedebat
348 2370 436 2429 opus:
460 2369 520 2412 non
542 2354 600 2411 iam
622 2351 803 2419 salebrosus,
827 2357 859 2409 ut
880 2357 956 2417 ante,

148 2433 200 2493 sed
221 2436 336 2511 gravior
358 2433 454 2495 lentos
475 2436 536 2495 ibat
558 2434 684 2512 pistillus
705 2437 737 2494 in
759 2434 856 2494 orbes

149 2535 218 2596 ergo
240 2517 362 2578 Palladii
384 2527 479 2597 guttas
501 2518 623 2578 instillat
644 2518 714 2578 olivi

149 2602 302 2680 exiguique
324 2620 412 2680 super
435 2605 510 2663 vires
531 2601 659 2662 infundit
681 2604 756 2662 aceti

149 2694 235 2764 atque
256 2687 364 2745 iterum
387 2688 558 2746 commiscet
579 2703 653 2763 opus
675 2687 856 2763 mixtumque
878 2690 1027 2743 retractat.
1112 2691 1165 2745 115

149 2777 210 2828 tum
233 2768 351 2828 demum
374 2769 471 2846 digitis
493 2770 633 2829 mortaria
655 2775 714 2828 tota
737 2768 852 2829 duobus

149 2853 253 2910 circuit
274 2853 363 2930 inque
386 2852 505 2928 globum
528 2853 663 2912 distantia
686 2854 833 2912 contrahit
856 2869 953 2920 unum,

148 2941 261 2993 constet
283 2941 315 2993 ut
336 2935 433 2995 eflecti
453 2937 566 3014 species
588 2953 753 3012 nomenque
775 2937 890 2995 moreti.

149 3019 225 3076 cruit
246 3019 360 3076 interea
383 3018 505 3096 Scybale
528 3036 643 3096 quoque
666 3016 767 3077 sedula
789 3037 905 3096 panem,

148 3119 236 3178 quem
257 3099 342 3161 lautis
371 3103 477 3179 recipit
498 3100 646 3169 manibus,
669 3100 813 3179 pulsoque
835 3103 942 3161 timore

148 3187 206 3243 iarn
229 3184 313 3242 famis
335 3187 423 3262 inque
447 3186 523 3244 diem
545 3202 666 3243 securus
689 3183 815 3261 Simylus
837 3183 916 3244 illam

149 3267 239 3326 ambit
261 3285 346 3327 crura
370 3269 465 3327 ocreis
486 3265 606 3347 paribus
628 3275 778 3345 tectusque
801 3267 901 3346 galero

148 3350 203 3410 sub
224 3352 291 3427 iuga
313 3359 451 3428 parentes
473 3352 552 3427 cogit
573 3349 664 3410 lorata
686 3351 824 3413 iuvencos

149 3441 237 3512 atque
259 3436 318 3510 agit
339 3435 371 3493 in
393 3441 507 3511 segetes
529 3440 559 3493 et
579 3442 677 3494 terrae
699 3435 800 3496 condit
821 3441 961 3496 aratrum.
