2400 3878
383 217 665 267 ussermannus
683 220 735 267 xrr
997 208 1058 271 ato

57 375 185 437 ardentis
204 373 356 437 oculorum
378 372 465 434 orbes
488 373 524 433 ad
542 373 658 433 moenia
678 375 764 433 torsit
1008 382 1060 434 oto

56 457 191 521 turbidus
209 475 283 536 eque
304 457 376 517 rotis
398 471 534 533 magnam
552 455 681 533 respexit
702 455 738 517 ad
757 456 868 524 urbem

57 560 126 604 ecce
146 548 242 602 autem
262 540 386 601 flammis
402 540 480 600 inter
500 537 628 600 tabulata
648 537 763 600 volutus

58 625 96 686 ad
118 623 231 686 caelum
253 621 383 685 undabat
403 630 503 684 vertex
523 622 687 700 turrimque
709 621 835 692 tenebat,

56 709 170 778 turrim,
193 707 351 784 compactis
369 704 501 767 trabibus
519 723 606 784 quam
626 706 765 766 eduxerat
785 707 848 786 ipse

57 790 284 870 subdideratque
301 796 381 851 rotas
401 791 555 869 pontisque
575 789 747 849 instraverat
768 787 850 850 altos.

58 876 132 935 ‘iam
150 874 208 934 iam
225 873 293 944 lata,
316 890 409 942 soror,
429 879 582 952 superant:
604 871 711 933 absiste
732 872 855 941 morari:

58 975 116 1036 quo
135 957 207 1017 deus
229 965 258 1018 et
279 974 337 1036 quo
359 956 432 1017 dura
452 962 535 1015 vocat
556 953 694 1025 Fortuna,
717 972 882 1034 sequamur.

57 1047 114 1100 stat
135 1039 271 1102 conterre
289 1057 408 1100 manum
424 1039 547 1107 deneas,
569 1044 626 1098 stat
643 1038 782 1117 quidquid
802 1038 927 1100 acerblst

57 1132 153 1184 morte
173 1126 248 1203 pati;
270 1139 367 1201 neque
387 1141 435 1183 me
456 1121 634 1190 indecorem,
657 1137 805 1199 germana,
825 1122 934 1184 videbis

59 1205 190 1283 amplius.
222 1205 311 1275 bunc,
334 1223 396 1274 oro,
418 1207 480 1266 sine
500 1222 549 1266 me
568 1204 668 1266 lurore
687 1212 754 1267 aute
772 1205 923 1267 furorem!

59 1289 129 1350 dixit
149 1297 178 1350 et
200 1308 217 1351 e
238 1306 328 1350 curru
349 1287 454 1350 saltum
477 1287 556 1348 dedit
572 1287 653 1348 ocius
675 1290 750 1348 arvis

58 1390 171 1452 perque
190 1373 291 1441 bostis,
315 1389 369 1449 per
390 1371 446 1433 tela
466 1372 526 1432 ruit
547 1379 745 1451 maestamque
767 1389 898 1433 sororem

58 1455 168 1517 deserit
185 1474 220 1517 ac
240 1455 343 1536 rapido
366 1473 454 1516 cursu
473 1455 569 1515 media
589 1455 705 1532 agmina
725 1455 844 1534 rumpit.

58 1557 93 1600 ec
114 1537 202 1601 veluti
224 1539 330 1599 montis
348 1555 450 1599 saxum
473 1537 509 1598 de
529 1538 637 1598 vertice
657 1554 800 1615 praeceps

59 1641 126 1684 eum
147 1624 208 1684 ruit
228 1621 357 1683 avolsum
376 1629 471 1691 vento,
493 1637 545 1680 seu
566 1619 701 1681 turbidus
720 1620 815 1680 lmber

58 1705 168 1784 proluit
189 1711 238 1767 aut
261 1707 343 1765 annis
364 1703 448 1765 solvit
467 1703 603 1781 sublapsa
622 1709 762 1786 vetustas;

59 1789 152 1849 fertur
167 1790 198 1850 in
220 1789 377 1866 abruptum
398 1804 503 1865 magno
524 1804 608 1847 mons
626 1785 778 1864 improbus
799 1794 864 1852 actu

60 1871 226 1951 exultatque
248 1869 320 1941 solo,
340 1871 426 1931 silvas
447 1877 578 1931 armenta
598 1872 734 1947 virosque

60 1954 207 2016 involvens
228 1972 343 2016 secum:
364 1953 482 2014 disiecta
505 1966 557 2032 per
580 1955 694 2032 agmina
714 1952 832 2014 Turnus

61 2040 102 2099 sic
123 2037 205 2099 urbis
225 2039 286 2099 ruit
306 2037 343 2098 ad
365 2054 475 2105 muros,
497 2036 548 2097 ubi
568 2036 694 2115 plurima
716 2037 781 2097 fuso

59 2122 198 2200 sanguine
219 2128 298 2183 terra
320 2120 418 2181 madet
439 2118 622 2198 striduntque
644 2118 795 2181 hastilibus
816 2138 913 2191 aurae,

59 2205 259 2283 significatque
280 2222 369 2266 manu
391 2212 419 2265 et
439 2221 544 2282 magno
563 2203 650 2264 simul
669 2203 770 2281 incipit
792 2220 861 2265 ore:

60 2290 185 2365 ‘parcite
205 2288 273 2357 lam,
292 2286 401 2357 Rutuli,
423 2296 452 2348 et
470 2305 521 2347 ros
539 2285 596 2349 tela
617 2285 756 2356 inhibete,
779 2287 891 2356 Latini:

61 2388 261 2450 quaecumque
283 2378 326 2431 est
347 2371 486 2440 Fortuna,
509 2388 573 2431 mea
596 2377 654 2431 est:
677 2388 725 2430 me
745 2371 841 2447 verius
859 2387 949 2431 unum

58 2470 113 2532 pro
132 2452 213 2514 vobis
235 2453 337 2514 foedus
358 2451 441 2514 luere
462 2459 491 2513 et
512 2453 672 2524 decernere
693 2449 791 2514 ferro!
873 2448 897 2459 ”

60 2535 220 2596 discessere
242 2553 343 2595 omnes
362 2535 450 2595 medii
470 2537 652 2615 spatiumque
674 2536 790 2597 dedere.

101 2618 137 2676 tt
158 2624 241 2695 pater
262 2619 374 2679 Aeneas
395 2617 492 2678 audito
513 2622 631 2680 nomine
651 2619 744 2680 Turni

62 2699 170 2759 deserit
191 2707 220 2760 et
239 2717 339 2761 muros
358 2707 388 2761 et
408 2717 537 2761 summas
558 2701 665 2762 deserit
686 2719 769 2762 arces

61 2782 289 2861 praecipitatque
311 2799 410 2846 moras
428 2784 531 2853 omnis,
555 2801 644 2862 opera
663 2784 759 2844 omnia
779 2785 898 2862 rumpit,

59 2862 169 2925 laetitia
187 2864 327 2935 exultans,
349 2864 588 2945 horrendumque
608 2867 721 2927 inmnat
741 2868 845 2927 armis:

61 2955 186 3022 quantus
207 2947 297 3008 Athos
319 2956 369 3009 aut
390 2955 515 3025 quantus
535 2948 612 3027 Eryx
631 2956 680 3009 aut
700 2949 763 3028 ipse
786 2952 914 3010 coruscis

62 3046 128 3088 eum
145 3030 242 3091 tremit
261 3030 374 3092 ilicibus
395 3038 519 3108 quantus
540 3031 704 3111 gaudetque
725 3030 811 3092 nivali

60 3112 219 3174 verticoso
240 3112 372 3174 attollens
393 3119 475 3191 pater
496 3115 689 3193 Appenninus
710 3115 747 3175 ad
770 3132 864 3175 auras.

60 3195 116 3256 iam
138 3212 206 3255 vero
227 3203 255 3257 et
276 3192 374 3257 Rutuli
394 3196 524 3257 certatim
546 3204 575 3257 et
593 3197 685 3258 Troes
707 3204 735 3257 et
756 3213 857 3257 omnes

61 3285 231 3340 convertere
251 3278 350 3339 oculos
371 3278 442 3358 Itali,
463 3281 569 3358 quique
592 3278 649 3340 alta
668 3278 806 3341 tenebant

62 3363 175 3422 moenia
197 3363 304 3440 quique
324 3363 397 3422 imos
418 3360 571 3440 pulsabant
594 3364 685 3425 ariete
705 3379 814 3429 muros,

62 3460 200 3524 armaque
221 3445 383 3524 deposuere
402 3446 518 3509 umeris.
552 3454 648 3528 stupet
669 3449 731 3527 ipse
753 3445 871 3507 Latinus
