2400 3878
151 214 193 276 94
491 226 633 274 vnnarm
656 225 780 273 anunm
802 226 816 272 1

151 398 224 442 cana
245 380 333 442 Fides
351 393 380 443 et
403 383 503 451 Vesta,
526 383 618 442 Remo
641 399 708 441 cum
729 382 820 442 tratre
839 381 977 452 Quirinus

148 466 216 525 iura
238 465 361 534 dabunt;
381 467 462 527 dirae
483 467 564 526 ferro
584 472 612 526 et
632 465 822 543 compagibus
843 467 912 525 artis

151 547 324 610 claudentur
345 549 417 612 Belli
437 561 554 627 portae:
576 548 673 609 Furor
694 549 800 626 impius
821 549 899 608 intus

149 649 234 693 saeva
255 632 361 693 sedens
381 651 470 711 super
493 651 574 693 arma
595 641 624 693 et
645 642 763 692 centum
784 634 897 692 vinctus
915 634 997 693 aenis

150 723 217 793 post
238 724 354 794 tergum
373 718 457 777 nodis
480 718 585 778 tremet
605 715 744 776 horridus
766 733 818 775 ore
840 724 973 776 cruento.

191 800 271 859 llaec
293 801 348 871 ait,
372 808 401 861 et
421 800 495 861 Maia
513 803 643 878 genitum
662 800 786 859 demittit
806 798 843 859 ab
864 797 937 868 alto,

149 889 182 943 ut
202 891 302 944 terrae
323 891 413 961 utque
434 902 526 946 novae
547 890 666 961 pateant
682 881 868 960 Karthaginis
889 901 972 943 arces

149 965 275 1043 bospitio
296 965 433 1039 Teucris,
456 985 493 1028 ne
514 967 565 1028 sati
585 968 683 1028 nescia
706 966 779 1026 Dido

148 1048 256 1109 finibus
277 1060 401 1111 arceret.
444 1050 522 1112 rolat
540 1051 587 1112 ille
606 1070 660 1129 per
678 1055 748 1111 aera
768 1066 907 1127 magnum

148 1134 271 1210 remigio
293 1132 420 1204 alarum,
443 1152 477 1194 ao
498 1134 605 1214 Libyae
627 1137 700 1194 citus
722 1135 810 1194 astitit
831 1134 900 1193 oris.

150 1226 179 1277 et
201 1217 259 1276 iam
280 1218 358 1277 iussa
378 1217 460 1290 lacit,
485 1229 657 1295 ponuntque
679 1218 788 1277 lerocia
806 1217 898 1277 Poeni

150 1300 239 1360 eorda
260 1299 374 1361 volente
398 1301 470 1369 deo;
492 1303 522 1361 in
548 1303 650 1379 primis
671 1302 773 1376 regina
796 1302 926 1379 quietum

148 1385 255 1461 accipit
273 1385 303 1443 in
323 1383 455 1445 Teucros
475 1387 604 1446 animum
624 1393 812 1461 mentemque
830 1383 995 1459 benignam.

189 1470 225 1527 m
246 1467 312 1544 pins
332 1469 460 1537 Aeneas,
482 1476 672 1546 pernoctem
692 1467 818 1545 plurima
837 1467 967 1535 volvens,

149 1560 180 1611 ut
201 1552 329 1628 primum
351 1551 400 1612 lux
421 1553 497 1613 alma
516 1553 624 1622 datast,
648 1553 728 1613 exire
747 1550 888 1628 locosque

149 1632 304 1712 explorare
321 1653 427 1705 novos,
452 1655 523 1713 quas
543 1645 630 1696 vento
652 1636 808 1695 accesserit
831 1651 913 1703 oras,

150 1718 198 1794 qui
222 1726 340 1777 teneant
363 1717 440 1796 (nam
458 1718 567 1778 inculta
586 1719 688 1798 videt),
711 1718 884 1777 hominesne
905 1717 1039 1787 ieraene,

147 1818 291 1877 quaerere
308 1804 457 1862 constitnit
477 1803 621 1880 sociisque
642 1810 742 1862 exacta
763 1800 887 1861 referre.

147 1882 270 1942 classem
291 1885 321 1943 in
342 1902 473 1945 convexo
488 1903 648 1957 nemorum
669 1886 724 1945 sub
746 1903 821 1962 rupe
843 1892 940 1944 carata

147 1965 303 2026 arboribus
324 1965 452 2028 clausam
475 1970 586 2030 circum
607 1978 695 2049 atque
715 1966 904 2028 horrentibus
926 1967 1037 2028 umbris

147 2049 270 2119 occulit;
291 2051 355 2127 ipse
374 2070 434 2112 uno
456 2053 587 2130 graditur
605 2055 757 2113 comitatus
774 2051 898 2120 Achate,

146 2132 214 2193 bina
236 2151 325 2193 mann
345 2134 403 2194 lato
423 2138 553 2212 crispans
574 2137 687 2198 hastilia
703 2135 793 2196 ferro.

146 2219 194 2277 cui
215 2225 309 2278 mater
325 2219 423 2279 media
444 2237 509 2280 sese
531 2220 596 2280 tulit
615 2221 698 2280 obvia
718 2218 803 2290 silva,

147 2302 265 2376 virginis
286 2319 319 2361 os
340 2300 531 2381 habitumque
552 2321 658 2380 gerens
676 2312 705 2363 et
721 2302 839 2378 virginis
861 2318 951 2369 arma,

146 2385 306 2461 Spartanae
327 2385 372 2446 vel
390 2386 482 2463 qualis
505 2406 596 2466 equos
618 2388 754 2448 Threissa
777 2386 876 2460 fatigat

146 2467 308 2548 Harpalyce
329 2468 537 2549 volucremque
559 2471 627 2547 luga
648 2470 842 2548 praevertitur
862 2467 983 2527 Eurum.

145 2569 271 2630 namque
291 2555 401 2613 umeris
424 2554 459 2613 de
482 2573 565 2615 more
585 2554 712 2615 habilem
734 2552 927 2630 suspenderat
948 2569 1051 2612 arcum

145 2637 290 2705 venatrix,
313 2637 490 2715 dederatque
513 2657 626 2698 comam
648 2638 811 2698 diffundere
832 2637 939 2704 uentis,

144 2720 223 2778 nuda
241 2736 319 2794 genu
344 2720 482 2799 nodoque
503 2724 583 2782 sinus
606 2721 727 2783 collecta
748 2720 875 2780 fluentis.

143 2819 178 2860 ac
197 2801 279 2877 prior
295 2801 397 2862 ‘heus'
418 2806 684 2882 inquit‚‘iuvenes‚
705 2812 880 2871 monstrate,
903 2819 1036 2862 mearum

145 2884 251 2943 uidistis
273 2885 387 2961 siquam
406 2887 454 2947 hic
476 2895 623 2948 errantem
643 2889 718 2947 torte
738 2903 889 2955 sororum,

143 2969 321 3027 succinctam
342 2969 492 3048 pharetra,
503 2981 532 3032 et
547 2970 711 3032 maculosae
730 2970 859 3044 tegmina
878 2968 971 3048 lyncis

142 3058 193 3110 aut
214 3054 376 3128 spumantis
398 3055 462 3132 apri
482 3073 601 3115 cursum
625 3052 752 3113 clamore
773 3050 983 3128 prementem.'

183 3133 233 3195 Sic
252 3133 360 3206 Venus,
385 3145 415 3198 et
431 3138 552 3200 Veneris
572 3148 673 3198 eontra
692 3137 734 3197 sic
755 3135 831 3196 iilius
849 3153 948 3196 orsus:
1108 3151 1164 3209 325

143 3216 238 3277 ‘nulla
260 3224 378 3279 tuarum
401 3221 497 3284 audita
517 3220 589 3281 mihi
609 3238 704 3298 neque
725 3221 784 3281 risa
805 3236 941 3280 sororum

141 3317 160 3360 ο
183 3333 220 3346 -
244 3319 332 3379 quam
352 3314 381 3364 te
398 3322 575 3372 memorem,
598 3305 699 3379 virgo?
720 3321 846 3381 namque
866 3301 925 3362 hau
942 3300 996 3362 tibi
1011 3301 1112 3367 voltus

142 3383 288 3454 mortalis,
309 3404 365 3447 nec
387 3407 441 3448 vox
464 3387 613 3447 hominem
635 3398 733 3456 sonat;
757 3406 774 3447 o
796 3387 851 3446 dea
874 3397 971 3463 certe,

142 3484 179 3531 tn
201 3467 313 3530 Phoebi
336 3473 438 3531 sorori
461 3489 497 3531 an
519 3471 714 3549 nvmpharum
732 3472 880 3549 sanguinis
902 3470 976 3529 unai
