2400 3878
341 225 484 273 vunnim
506 224 707 274 (enossmcon
729 227 784 274 1111

101 396 224 439 munere
245 397 390 456 quamque
412 397 473 440 suo.
518 379 688 458 grandaevis
710 380 816 458 oppida
838 399 925 442 curae

102 469 131 522 et
152 463 266 522 munire
288 462 368 520 iavos
391 469 419 522 et
440 462 560 523 daedala
581 463 692 539 lingere
713 469 798 523 tecta.

101 553 130 604 at
152 544 244 605 fessae
264 543 355 604 multa
377 544 509 605 referunt
530 564 561 606 se
583 552 669 606 nocte
690 547 828 615 minores,

102 646 187 689 cmra
209 628 308 707 thymo
330 625 447 705 plenae余
469 635 630 706 pascuntur
652 635 681 690 et
702 629 806 689 arbuta
827 631 934 706 passim

101 717 129 771 et
150 710 268 786 glaucas
289 711 391 771 salices
414 713 578 790 casiamque
600 730 777 791 crocumque
800 713 953 774 rubentem

100 800 129 853 et
150 795 286 872 pinguem
308 793 398 854 tiliam
421 801 448 855 et
470 794 653 870 ferrugineos
675 795 854 874 hyacinthos.

100 877 234 937 omnibus
255 895 312 938 una
335 879 417 954 quies
439 895 576 956 operum,
598 878 682 938 labor
704 877 839 938 omnibus
860 897 950 939 unus:

99 978 185 1021 mane
206 968 296 1021 ruunt
316 962 423 1039 portis余
446 979 590 1039 nusquam
612 980 708 1030 mora余
731 979 835 1022 rursus
857 963 973 1023 easdem

99 1061 202 1121 vesper
224 1043 274 1103 ubi
297 1062 313 1103 e
334 1050 419 1121 pastu
440 1045 558 1105 tandem
580 1045 723 1106 decedere
745 1045 857 1123 campis

99 1125 262 1195 admonuit,
283 1135 345 1188 tum
367 1134 441 1187 tecta
463 1134 578 1206 petunt,
600 1135 662 1188 tum
685 1145 809 1206 corpora
831 1135 948 1194 curant:

98 1210 130 1268 lit
152 1210 263 1269 sonitus
285 1218 474 1288 mussantque
496 1229 563 1271 oras
586 1219 614 1272 et
635 1212 732 1272 limina
756 1213 875 1271 circum.

98 1298 164 1354 nost
186 1292 236 1351 ubi
258 1293 315 1352 iam
337 1293 472 1360 thalamis
493 1312 525 1354 se
547 1312 755 1372 composuere,
779 1293 880 1355 siletur

99 1392 128 1433 111
150 1382 279 1444 noctem,
302 1375 453 1454 fessosque
475 1395 563 1454 sopor
585 1395 656 1438 suus
678 1385 802 1455 occupat
822 1385 912 1438 artus.

98 1474 154 1516 nec
176 1475 244 1517 vcro
266 1476 282 1517 a
305 1458 426 1517 stabulis
447 1458 543 1536 plun'a
565 1461 741 1536 inpendente
762 1459 904 1520 recedunt

97 1538 227 1617 longius,
250 1547 300 1600 aut
322 1539 445 1601 credunt
467 1540 547 1601 caelo
569 1541 789 1602 adventantibus
811 1543 904 1611 euris余

97 1623 148 1682 sed
171 1624 281 1682 circum
303 1629 383 1684 tutae
405 1623 460 1683 sub
481 1622 635 1684 moenibus
656 1624 739 1684 urbis
760 1632 913 1702 aquantur,

98 1723 297 1783 excursusque
319 1706 416 1766 brevis
436 1713 592 1784 temptant,
617 1713 646 1767 et
666 1725 753 1784 saepe
774 1708 895 1784 lapillos,

97 1795 129 1849 ut
151 1788 274 1849 cumbae
295 1789 443 1850 instabiles
464 1790 555 1850 ssuctu
575 1791 700 1850 iactante
722 1790 884 1860 saburram,

95 1870 214 1941 tollunt,
236 1872 281 1931 his
302 1890 367 1932 sese
387 1891 441 1951 per
463 1875 559 1933 inania
580 1873 679 1933 nubila
699 1871 815 1933 librant.

96 1953 176 2014 illum
199 1955 271 2015 adeo
293 1954 436 2033 placuisse
457 1956 561 2036 apibus
582 1955 729 2017 mirabere
750 1974 872 2027 morem,

96 2037 175 2115 quod
196 2055 291 2116 neque
314 2039 469 2099 concubitu
491 2040 655 2116 indulgent,
678 2057 734 2098 nee
757 2057 881 2118 corpora
903 2058 1007 2117 segnes

96 2122 125 2179 in
148 2119 289 2181 Venerem
312 2120 427 2182 solvunt
448 2128 497 2182 aut
519 2123 594 2182 letus
616 2120 731 2182 nixibus
753 2123 858 2191 edunt3

95 2221 197 2263 verum
218 2205 298 2282 ipsae
321 2224 336 2265 e
359 2204 433 2265 soliis
454 2213 552 2273 natos,
577 2224 592 2265 e
616 2204 753 2266 suavibus
774 2205 875 2265 herbis

96 2303 148 2345 ore
168 2285 286 2364 legunt,
307 2288 387 2364 ipsae
409 2306 509 2365 regem
530 2306 694 2366 parvosque
716 2287 842 2357 Quirites

96 2368 257 2437 sufficiunt,
280 2369 420 2448 aulasque
442 2379 470 2430 et
492 2388 577 2430 cerea
599 2388 689 2447 regna
711 2372 846 2446 refigunt.

95 2450 200 2526 *saepe
223 2453 308 2511 etiarn
331 2452 411 2510 duris
433 2454 559 2512 errando
580 2453 610 2510 in
633 2452 746 2511 cotibus
768 2451 828 2512 alas

95 2536 250 2601 attrivere,
285 2532 420 2609 ultroque
442 2535 567 2592 animam
589 2533 643 2592 sub
667 2535 745 2593 fasce
767 2535 890 2593 dedere:

95 2622 194 2675 tantus
222 2633 304 2674 amor
331 2615 438 2675 ilorum
465 2621 494 2674 et
516 2616 671 2691 generandi
694 2615 785 2691 gloria
807 2615 928 2675 mellis*

96 2713 167 2773 ergo
189 2697 268 2774 ipsas
289 2698 419 2773 quamvis
441 2699 555 2775 angusti
576 2699 718 2756 terminus
740 2699 801 2757 aevi

96 2779 218 2856 excipiat
240 2780 344 2858 (neque
367 2780 442 2838 enim
465 2780 531 2857 plus
552 2781 673 2857 septima
696 2780 811 2841 ducitur
832 2781 951 2858 aestas),

95 2869 124 2921 at
145 2879 237 2939 genus
258 2861 422 2923 immortale
443 2871 555 2931 manet,
578 2861 743 2939 multosque
765 2881 819 2940 per
840 2879 931 2922 annos

94 2952 149 3004 stat
171 2946 286 3005 fortuna
309 2946 428 3014 domus,
452 2952 480 3005 et
501 2946 545 3005 avi
567 2952 759 3005 numerantur
781 2963 911 3005 avorum.

95 3038 244 3106 praeterea
266 3045 366 3105 regem
388 3046 446 3088 non
469 3029 510 3088 sie
532 3029 677 3106 Aegyptos
699 3036 728 3088 et
749 3028 859 3104 ingens

95 3111 180 3188 Lydia
203 3130 258 3172 nec
279 3111 379 3190 populi
401 3112 576 3172 Parthorum
598 3118 647 3170 aut
667 3112 769 3172 Medus
790 3111 939 3189 Hydaspes

95 3193 257 3254 observant.
301 3212 372 3272 rege
394 3195 531 3255 incolumi
553 3212 635 3255 mens
657 3196 792 3256 omnibus
813 3213 870 3254 una
894 3203 954 3260 est:

95 3279 199 3336 amisso
221 3295 328 3355 rupere
350 3279 451 3348 iidem,
475 3285 699 3356 constructaque
720 3277 806 3339 mella

94 3358 240 3436 diripuere
261 3360 340 3438 ipsae
364 3367 391 3422 et
413 3368 508 3422 crates
529 3361 642 3422 solvere
664 3361 805 3422 favorum.

93 3441 140 3502 ille
162 3461 283 3522 operum
306 3451 419 3514 custoS,
441 3444 521 3506 illum
544 3445 725 3507 admirantur
747 3454 775 3507 et
797 3463 898 3506 omnes
