2400 3878
78 210 138 272 214
406 219 549 267 t'saarm
571 217 697 267 seems
721 218 757 267 vr

77 382 183 441 missus
204 379 235 438 in
256 377 411 454 imperium
431 392 578 451 magnum.
623 374 691 451 quoi
713 372 818 434 deinde
840 371 950 435 subibit

76 465 136 524 otia
158 464 207 540 qui
228 468 345 539 rumpet
361 460 472 538 patriae
493 457 662 534 residesque
678 456 805 518 merebit

77 545 179 608 Tullus
199 549 230 606 in
253 564 333 606 arma
356 545 433 603 riros
455 550 484 603 et
502 543 559 602 iam
581 541 700 601 desueta
723 541 878 620 triumphis

77 631 202 706 agmina.
247 647 333 707 quem
356 629 434 688 iuxta
454 627 585 704 sequitur
603 626 756 686 iactantior
776 627 887 695 Ancus,
1050 640 1107 696 515

77 732 156 774 nunc
179 731 295 793 quoque
318 714 375 772 iam
397 712 519 771 nimium
542 709 672 787 gaudens
694 709 885 788 popularibus
908 711 999 773 auris.

77 799 119 857 ris
139 806 168 858 et
187 797 361 874 Tarquinios
382 812 468 872 reges
487 795 672 872 animamque
696 794 854 873 superbam

78 882 181 943 ultoris
202 881 286 942 Bruti
308 880 460 957 fascesque
482 879 581 939 ridere
603 879 756 956 receptos?

77 965 204 1026 consulis
225 966 382 1042 imperium
405 963 452 1024 hic
473 964 585 1040 primus
607 980 765 1040 saevasque
786 980 906 1025 securos

76 1050 212 1127 accipiet,
236 1056 379 1126 natosque
399 1055 483 1125 pater
502 1064 576 1106 nora
598 1045 672 1107 bella
693 1048 835 1107 merentis
1050 1061 1108 1116 eae

76 1133 112 1192 ad
132 1150 258 1210 poenam
280 1130 404 1209 pulchra
424 1148 479 1210 pro
499 1129 632 1190 libertate
654 1130 783 1200 rocabit,

77 1215 186 1277 infelix.
227 1224 387 1294 utcumque
409 1215 505 1275 ferent
528 1233 561 1275 ea
584 1214 659 1274 facta
681 1215 824 1282 minores,

75 1302 172 1361 rirrcet
194 1318 276 1360 amor
299 1300 409 1377 patriae
431 1298 609 1376 laudumque
631 1299 761 1359 inmensa
782 1297 897 1375 cupido.

75 1386 146 1462 quin
167 1384 272 1445 Decios
291 1384 459 1462 Drusosque
481 1382 586 1460 procul
605 1400 780 1462 saevomque
801 1383 898 1443 securi

75 1468 173 1546 aspice
195 1468 376 1547 Torquatum
400 1476 427 1529 et
450 1469 628 1528 referentem
646 1467 729 1542 signa
752 1464 912 1527 Camillum.
1050 1481 1107 1537 825

74 1552 123 1613 ille
144 1552 322 1631 triumphata
343 1550 483 1630 Capitoha
504 1552 542 1612 ad
564 1550 618 1611 alta
644 1550 784 1610 Corintho
1050 1565 1107 1621 335

74 1636 166 1696 victor
184 1645 251 1714 aget
273 1655 409 1705 currum,
433 1637 524 1696 caesis
543 1635 663 1711 insignis
685 1634 809 1695 Achivis.

76 1728 159 1780 eruet
179 1719 227 1780 ille
248 1720 342 1798 Argos
363 1721 665 1798 Agamemnoniasque
686 1719 819 1798 Mycenas

74 1804 229 1881 ipsumque
247 1804 408 1873 Aeaciden,
432 1821 524 1880 genus
545 1804 747 1881 armipotentis
766 1800 884 1872 Achilli,

73 1887 150 1948 ultus
174 1904 241 1947 aros
264 1886 370 1948 Troiae
388 1886 495 1964 templa
517 1893 546 1946 et
566 1893 707 1946 temerata
727 1887 883 1947 hlinorrae.
1049 1900 1108 1963 840

74 1972 138 2049 quis
159 1981 204 2039 te,
227 1987 332 2047 magne
356 1970 439 2039 Cato,
464 1971 584 2030 tacitum
606 1978 655 2031 aut
677 1978 721 2041 te,
744 1969 847 2039 Cosse,
868 1968 1042 2051 relinquat*

73 2055 137 2133 quis
161 2054 286 2114 Gracchi
309 2072 400 2132 genus
420 2062 468 2114 aut
491 2055 637 2132 geminos,
660 2053 718 2115 duo
741 2052 861 2115 fulmina
879 2053 967 2126 belli,

74 2137 237 2215 Scipiadas,
263 2136 375 2198 cladem
397 2137 519 2217 libyae,
542 2156 692 2217 parvoque
713 2144 863 2216 potentem

72 2221 240 2282 Fabricium
263 2221 308 2282 rel
330 2231 358 2283 te
380 2221 476 2292 sulco,
500 2222 642 2291 Serrano,
666 2222 831 2283 serentemf

72 2325 130 2384 quo
155 2306 263 2366 fessum
285 2307 400 2385 rapitis,
425 2306 526 2367 Fabii?
546 2316 598 2367 tun
620 2307 763 2368 llaximus
785 2304 832 2367 ille
854 2324 899 2377 es,
1049 2324 1105 2381 84⁵

71 2407 148 2451 unus
166 2391 216 2468 qui
236 2389 321 2450 nohis
343 2391 508 2452 cunctando
530 2392 658 2452 restituis
680 2391 762 2451 remi

71 2474 216 2536 excudent
236 2473 283 2535 alii
306 2476 444 2552 spirantia
467 2475 581 2535 mollius
604 2493 673 2536 aera

67 2557 151 2636 (cedo
180 2559 342 2639 equidem),
377 2560 456 2620 viros
478 2560 585 2620 ducent
607 2559 643 2621 de
665 2576 813 2620 marmore
835 2557 946 2630 voltus,

70 2642 198 2704 orabunt
217 2661 320 2705 causas
342 2643 461 2715 melius,
484 2644 614 2723 caelique
637 2651 750 2705 meatus

70 2725 237 2788 describent
258 2728 340 2788 radio
363 2736 391 2789 et
412 2731 560 2807 surgentia
582 2729 677 2790 sidera
695 2728 806 2789 dicent:
1048 2744 1106 2802 85⁰

68 2816 102 2869 tu
123 2829 228 2888 regere
248 2811 371 2888 imperio
390 2813 528 2890 populos,
552 2814 698 2883 Romane,
721 2818 867 2872 memento

70 2893 156 2972 (haec
178 2893 229 2953 tibi
252 2903 337 2954 erunt
360 2897 446 2974 artes)
469 2898 593 2974 pacique
615 2899 757 2976 inponere
780 2912 911 2965 morem,

68 2993 193 3054 parcere
214 2976 351 3037 subiectis
375 2987 403 3039 et
424 2977 571 3040 debellare
593 2979 762 3058 superbos!

111 3060 159 3120 Sic
179 3069 262 3138 pater
283 3062 439 3132 Anchises,
463 3071 549 3142 atque
571 3062 644 3125 haec
662 3064 836 3127 mirantibus
858 3062 955 3126 addit:

68 3146 197 3223 ‘aspice
219 3152 251 3204 ut
271 3145 391 3224 insignis
414 3145 513 3225 spoliis
535 3146 688 3211 llareellus
711 3150 815 3229 opimis
1048 3166 1105 3223 ω

67 3227 231 3304 ingreditur
252 3229 403 3308 victorque
422 3232 500 3293 viros
518 3249 606 3310 super
624 3236 731 3296 eminet
752 3233 856 3294 omnis.

67 3310 115 3371 hic
136 3330 199 3374 rem
222 3311 384 3375 Romanam
406 3334 512 3395 magno
530 3315 667 3378 turbante
687 3316 813 3379 tumultu

67 3395 163 3468 sistet,
186 3415 275 3476 eques
297 3406 407 3460 sternet
426 3401 540 3462 Poenos
559 3399 732 3482 Gallumque
754 3399 912 3472 rebellem,
