2400 3878
117 208 179 273 282
455 218 599 266 vunonn
620 217 744 266 annius
767 219 789 264 x

117 384 230 438 Aeneas
250 379 369 455 ignarus
391 376 483 435 abest.
520 391 719 451 numquamne
741 373 831 434 levari

118 460 271 521 obsidione
293 459 388 519 sinesl
409 459 502 518 muris
519 458 626 517 iterum
649 457 781 517 imminet
801 456 893 516 hostis

117 545 264 605 nascentis
286 543 391 603 Troiae
415 542 561 620 [necnon
584 543 729 600 exercitus
752 539 854 620 alter;]

118 637 205 707 atque
225 630 333 689 iterum
355 628 385 686 in
403 625 533 685 Teucros
552 622 661 684 Aetolis
679 627 773 701 surgit
794 624 830 685 ab
854 626 939 704 Arpis

117 710 252 791 Tydides.
286 711 420 789 equidem
444 709 540 777 credo,
564 726 630 768 mea
651 707 770 768 vohrera
793 712 905 768 restant

118 804 146 856 et
167 806 217 856 tua
236 797 393 874 progenies
414 792 548 853 mortalia
571 792 709 852 demoror
729 809 818 852 arma.
1096 800 1132 850 ao

116 880 141 940 si
163 881 226 940 sine
245 897 317 957 pace
340 889 390 938 tua
411 889 499 955 atque
520 877 609 936 invito
633 877 752 938 numine
773 875 866 935 Troes

116 963 230 1024 ltaliam
252 964 374 1041 petiere,
397 961 478 1021 luant
500 969 619 1038 peccata
641 978 738 1039 neque
757 959 823 1019 illos

116 1048 225 1107 iuveris
246 1045 367 1113 auxilio;
392 1047 437 1104 sin
459 1053 502 1105 tot
520 1062 662 1123 responsa
683 1045 784 1113 secuti,

117 1148 191 1208 quae
214 1131 313 1207 superi
334 1146 494 1207 manesque
516 1127 640 1188 dabant:
664 1146 717 1188 cur
739 1145 818 1188 nnnc
838 1136 888 1188 tua
911 1127 1064 1205 quisquam

116 1224 229 1274 vertere
252 1215 329 1272 iussa
350 1220 447 1291 potest
469 1219 519 1272 aut
539 1230 592 1271 cur
614 1230 687 1272 nova
711 1214 838 1273 condere
860 1211 935 1271 iata?
1094 1217 1129 1270 th

116 1298 185 1376 quid
205 1306 336 1375 repetam
358 1304 474 1357 exustas
496 1296 622 1374 Erycino
641 1298 672 1355 in
694 1294 778 1358 litore
800 1297 915 1366 classes,

116 1382 187 1461 qnid
205 1388 411 1460 tempestatum
432 1398 535 1457 regem
558 1390 717 1459 ventosque
739 1381 862 1441 liuentis

114 1466 213 1526 Aeolia
236 1467 346 1526 excitos
367 1474 418 1525 aut
437 1472 532 1525 actam
554 1464 681 1525 nuhihus
703 1464 792 1525 lriml

114 1567 194 1610 nunc
217 1552 304 1611 etiam
325 1550 419 1610 manis
444 1548 526 1627 (haec
547 1549 717 1627 intemptata
738 1547 875 1609 manebat

115 1651 180 1693 sors
201 1635 311 1711 rerum)
335 1642 432 1693 movet
453 1640 482 1694 et
500 1635 615 1711 superis
635 1634 752 1693 inmissa
774 1640 897 1712 repento
1095 1636 1126 1690 st

113 1716 234 1786 Allecto,
258 1717 368 1778 medias
391 1716 495 1778 ltalum
517 1716 657 1777 hacchata
681 1735 733 1795 per
752 1717 851 1778 urbes.
1156 1719 1159 1723 ’

114 1799 155 1860 nil
178 1818 267 1877 super
285 1802 408 1878 imperio
429 1818 564 1860 moveor:
588 1802 768 1877 speravimus
789 1802 853 1867 ista,

114 1883 184 1943 dum
203 1884 320 1943 fortuna
342 1883 412 1952 luit;
434 1885 551 1942 vincant
568 1900 641 1960 quos
662 1884 778 1944 vincere
799 1884 898 1943 mavis.
964 1892 967 1897 '

113 1968 138 2028 si
158 1965 237 2026 nulla
260 1974 304 2027 est
326 1968 418 2041 regio,
441 1965 564 2026 Teucris
586 1984 673 2046 quam
696 1967 746 2026 det
761 1975 810 2027 tua
830 1969 957 2027 coniunx

115 2051 198 2119 dura,
222 2067 275 2127 per
297 2067 423 2121 eversae,
447 2051 571 2125 genitor,
595 2049 736 2110 fumantia
758 2050 864 2112 Troiae
1089 2057 1125 2109 4⁸

113 2134 224 2194 excidia
243 2133 382 2202 obtestor,
403 2132 488 2194 liceat
511 2133 657 2194 dimittere
677 2134 714 2194 ah
737 2138 825 2197 armis

112 2218 290 2278 incolumem
311 2218 476 2288 Ascanium,
498 2216 584 2277 liceat
604 2236 760 2295 superesse
782 2226 927 2298 nepotem.

111 2301 224 2362 Aeneas
246 2319 315 2362 sane
337 2302 446 2378 ignotis
466 2302 589 2362 iactetur
609 2303 639 2362 in
661 2304 747 2364 undis

112 2395 149 2454 et,
174 2403 389 2464 quamcumque
412 2386 487 2447 viam
509 2386 621 2448 dederit
642 2387 781 2459 Fortuna,
804 2393 957 2466 sequatur:

112 2470 192 2530 hunc
213 2479 314 2547 tegere
335 2479 364 2532 et
386 2470 467 2531 dirae
488 2469 600 2531 valeam
622 2471 789 2534 subducere
810 2489 936 2550 pugnae.
1091 2477 1126 2529 od

112 2562 157 2615 est
176 2555 327 2624 Amathus,
348 2563 392 2616 est
414 2555 490 2617 celsa
509 2556 581 2615 milri
602 2557 719 2634 Paphus
741 2568 828 2635 atque
852 2556 976 2635 Cythera

111 2638 277 2718 Idaliaeque
300 2640 420 2700 domus:
443 2641 545 2719 positis
566 2640 708 2716 inglorius
731 2642 819 2701 armis

111 2726 209 2799 exigat
225 2723 273 2783 hic
293 2740 404 2784 aevom.
439 2740 545 2800 magna
571 2724 687 2784 dicione
708 2723 807 2784 iubeto

107 2805 256 2884 Karthago
281 2815 396 2883 premat
418 2808 591 2882 Ausoniam:
614 2806 687 2866 nihil
709 2805 834 2867 urbibus
855 2806 923 2866 inde

111 2888 238 2948 ohstahit
259 2888 363 2967 Tyriis.
399 2890 468 2964 quid
490 2899 601 2964 pestem
624 2890 747 2950 evadere
769 2887 840 2948 belli
1090 2897 1127 2949 Ab

109 2974 180 3031 iuvit
202 2979 232 3031 et
252 2972 405 3047 Argolicos
427 2970 556 3030 medium
577 2971 686 3047 fugisse
706 2989 760 3049 per
781 2972 864 3046 ignes

109 3063 210 3132 totque
232 3055 322 3112 maris
344 3061 500 3130 vastaeque
523 3053 663 3114 exhausta
684 3054 813 3133 pericula
835 3061 941 3125 terrae,

109 3139 178 3199 dum
200 3138 313 3198 Latium
334 3136 442 3197 Teucri
462 3137 648 3216 recidivaque
666 3138 808 3217 Pergama
829 3141 991 3218 quaerunt?

108 3240 168 3281 non
190 3222 279 3281 satius
301 3223 414 3282 cineres
437 3224 548 3300 patriae
567 3223 709 3283 insedisse
731 3241 885 3302 supremos
1119 3294 1122 3299 ⁴

110 3316 199 3384 atque
216 3305 321 3376 solum,
344 3325 402 3384 quo
425 3305 512 3366 Troia
535 3307 611 3366 tunt
631 3307 779 3368 Xanthum
802 3317 831 3369 et
852 3302 1000 3369 Simoenta
1086 3314 1125 3369 00

108 3390 209 3460 redde,
230 3408 292 3459 oro,
315 3392 431 3452 miseris
453 3393 619 3471 iterumque
640 3392 791 3454 revolvere
815 3410 900 3453 casus

107 3473 153 3545 (la,
177 3485 269 3555 pater,
293 3474 397 3536 Iliacos
420 3475 563 3537 Teucris!
595 3484 658 3537 tum
679 3479 760 3555 regia
782 3477 855 3538 luno
