2400 3878
407 219 549 268 ruamur
571 217 695 267 annuus
714 218 737 265 v
757 182 759 187 ’

67 380 154 437 linem
176 374 383 444 adventabant,
407 372 548 435 levirum
573 375 713 451 sanguine
737 373 824 435 Nisus

66 459 174 519 labitur
196 456 308 528 infelix,
334 458 425 518 caesis
447 465 479 517 ut
499 457 574 518 lorte
595 458 722 517 iuvencis

66 543 148 602 lusus
170 542 292 603 humum
313 542 469 620 viridisque
490 558 580 620 super
601 539 795 601 madefecerat
816 539 933 602 herbas.
1025 554 1077 610 333

66 626 113 686 hic
136 627 246 686 iuvenis
267 626 324 685 iam
343 626 435 685 victor
457 643 546 685 ovans
567 625 684 702 vestigia
704 642 806 702 presso
885 614 1051 728 Qm
1071 665 1079 721 Ι
1100 663 1136 715 Η

65 708 135 769 haut
155 710 248 769 tenuit
267 707 388 769 titubata
411 707 489 778 solo,
511 706 561 768 sed
575 725 686 786 pronus
707 710 736 767 in
759 708 821 785 ipso

67 791 191 852 concidit
213 793 411 871 inmundoque
433 793 501 851 iimo
519 810 662 869 sacroque
685 808 806 860 cruore,
968 755 995 865 7
1009 774 1093 849 74(

65 892 124 933 non
146 881 244 935 tamen
263 875 393 954 Euryali,
415 893 473 934 non
496 875 543 936 ille
566 875 672 935 oblitus
693 892 842 935 amorum:

65 975 132 1017 nam
151 976 216 1019 sese
237 959 372 1037 opposuit
389 958 466 1020 Salio
487 977 540 1037 per
561 958 673 1020 lubrica
693 976 830 1036 surgens,
1026 971 1077 1025 aaa

65 1038 112 1101 ille
130 1050 227 1102 autem
249 1044 340 1120 spissa
362 1044 450 1103 iacuit
470 1042 618 1104 revolutus
640 1042 757 1106 harena.

65 1125 168 1185 emicat
189 1124 346 1204 Euryalus,
369 1133 397 1186 et
418 1144 540 1187 munere
560 1127 649 1187 vietor
666 1126 751 1186 amici

65 1208 157 1283 prima
179 1216 272 1277 tenet,
293 1209 455 1289 plausuque
477 1210 551 1271 volat
571 1210 747 1288 fremituque
764 1209 902 1269 secundo.

63 1298 129 1367 post
150 1290 287 1370 Helymus
309 1292 400 1362 subit,
424 1299 452 1353 et
470 1312 548 1354 nunc
568 1296 652 1354 tertia
674 1292 769 1370 palma
792 1293 903 1352 Diores.

64 1371 111 1432 hic
132 1381 224 1434 totum
248 1392 351 1435 careae
374 1394 542 1437 consessum
564 1377 689 1454 ingentis
712 1383 741 1436 ot
762 1394 813 1435 ora

63 1456 157 1533 prima
180 1465 297 1534 patrum
320 1461 431 1535 magnis
456 1459 550 1519 Salius
573 1457 749 1518 clamoribus
769 1457 869 1536 implet

64 1547 256 1618 ereptumque
277 1540 343 1599 dolo
366 1540 449 1600 reddi
468 1540 522 1601 sibi
541 1542 634 1620 poscit
654 1541 807 1600 honorem.

63 1628 174 1682 tutatur
198 1622 278 1682 lavor
301 1623 458 1702 Euryalum
480 1624 676 1702 lacrimaeque
698 1623 823 1684 decorae

64 1707 173 1783 gratior
196 1714 223 1766 ot
245 1706 369 1784 pulchro
394 1708 512 1768 veniens
531 1709 561 1768 in
586 1725 711 1785 corpore
733 1706 833 1767 virtus.

63 1789 177 1849 adiuvat
200 1797 228 1849 et
249 1808 353 1868 magna
374 1790 537 1868 proclamat
559 1809 628 1852 voce
650 1791 766 1859 Diores,

63 1874 112 1949 qui
135 1873 224 1933 subiit
245 1873 358 1950 palmae
380 1875 545 1953 frustraque
567 1876 603 1935 ad
624 1875 752 1952 praemia
775 1875 851 1934 venit

63 1954 176 2032 ultima,
200 1959 224 2017 si
247 1957 333 2034 primi
355 1957 432 2018 Salio
451 1959 612 2021 reddentur
633 1958 769 2018 honores.

63 2043 123 2098 turn
143 2048 230 2117 pater
249 2043 360 2102 Aeneas
383 2041 505 2102 ‘vestra'
529 2044 623 2122 inquit
645 2051 783 2102 ‘munera
805 2040 886 2101 vobis

63 2127 142 2182 certa
165 2132 296 2193 manent,
320 2126 417 2203 pueri,
442 2133 471 2187 ct
492 2124 618 2205 palmam
641 2132 738 2186 movet
759 2124 862 2185 ordine
883 2141 982 2185 nemo:

62 2222 109 2265 me
136 2204 221 2267 liceat
244 2225 328 2269 casus
349 2210 483 2270 misereri
501 2210 624 2269 insontis
645 2206 754 2269 amici’
840 2272 848 2287 ‚
896 2221 897 2224 ’

61 2289 103 2348 sic
131 2288 207 2349 latus
227 2296 343 2368 tergum
365 2292 477 2353 Gaetuli
499 2295 625 2354 immane
646 2291 738 2352 leonis

62 2371 112 2431 dat
134 2370 227 2439 Salio,
247 2373 320 2433 villis
342 2393 499 2436 onerosum
522 2384 608 2453 atque
628 2374 776 2452 unguibus
798 2374 902 2434 alueis.

62 2453 110 2513 hic
132 2453 217 2514 Nisus
241 2457 280 2515 ‘si
303 2457 393 2516 tanta’
416 2458 509 2535 inquit
529 2465 613 2517 ‘sunt
629 2458 759 2535 praemia
781 2456 863 2516 victis

63 2543 91 2597 et
110 2542 139 2596 te
160 2536 309 2613 lapsorum
332 2539 465 2607 miseret,
489 2557 564 2616 quae
587 2556 708 2599 munera
728 2539 797 2599 Niso

62 2618 148 2695 digna
172 2618 273 2679 dabist
293 2620 417 2698 primam
441 2622 535 2680 merui
557 2622 605 2698 qui
626 2621 712 2681 laude
733 2637 888 2690 coronam,

62 2703 92 2762 ni
110 2719 171 2770 me,
195 2720 269 2780 quae
291 2703 415 2772 Salium,
435 2704 565 2764 Fortuna
585 2705 700 2764 inimica
722 2701 858 2764 tulisset'

62 2792 90 2847 et
111 2784 197 2846 simul
219 2786 263 2846 his
281 2787 363 2847 dictis
384 2787 486 2847 faciem
510 2787 674 2848 ostentabat
695 2795 723 2847 et
743 2787 801 2848 udo

62 2870 159 2946 turpia
181 2869 313 2930 membra
334 2871 409 2936 fimo.
454 2871 516 2930 risit
536 2878 620 2949 pater
642 2873 768 2948 optimus
790 2870 838 2932 olli

62 2960 91 3014 ct
112 2951 238 3030 clipeum
260 2955 357 3015 efferri
378 2955 475 3022 iussit,
498 2954 683 3034 Didymaonis
704 2965 812 3025 artem,

62 3035 188 3114 Neptuni
207 3056 291 3098 sacro
313 3039 417 3099 Danais
439 3038 475 3098 de
497 3046 581 3116 poste
600 3039 733 3105 remum.

62 3119 119 3178 hcc
137 3121 270 3182 iuvenem
291 3123 440 3199 egregium
460 3123 618 3200 praestanti
637 3115 759 3184 munere
781 3123 879 3183 donat.

104 3202 174 3262 Post
195 3204 245 3264 ubi
265 3206 388 3266 coniecti
410 3224 528 3274 cursus,
549 3214 578 3267 et
600 3206 676 3265 dona
698 3206 825 3284 peregitr

64 3299 172 3354 nunc,
197 3288 269 3348 sicui
286 3290 377 3349 virtus
398 3289 570 3367 animusque
590 3289 620 3347 in
639 3295 759 3366 pectore
780 3306 937 3366 praesens,

64 3367 138 3429 adsit
157 3375 185 3429 et
207 3371 324 3431 evinctis
345 3371 455 3433 attoDat
477 3372 613 3432 bracchia
633 3369 762 3449 palmis'

64 3452 105 3513 sic
125 3453 165 3512 ait
185 3461 214 3514 et
236 3455 383 3530 geminum
405 3473 522 3534 pugnae
543 3456 680 3534 proponit
699 3454 855 3526 honorem,

132 3566 264 3611 stauros,
284 3566 395 3603 naun..
827 3550 866 3611 12
