2400 3878
452 192 778 243 vunomruunursx
1060 176 1121 242 287

146 353 270 431 lamque
291 351 353 414 dies
376 349 457 413 caclo
480 357 665 411 concesserat
684 347 818 425 almaque
841 366 931 408 curru
961 341 964 346 ’
1072 354 1123 406 tls

103 439 259 514 noctivago
280 436 401 497 Phoebe
424 434 552 494 medium
572 432 706 512 pulsabat
728 432 900 510 Olympum:

104 524 220 584 leneas
243 519 449 600 (nequeenim
468 517 609 578 membris
632 518 681 576 dat
705 535 776 578 cura
798 517 935 596 quietem)

105 608 169 688 ipse
191 603 299 666 sedens
315 603 484 682 clavomque
506 605 582 680 regit
603 601 732 680 velisque
753 603 907 662 ministrat.

106 697 195 769 atquo
212 687 255 748 llli
276 689 372 749 medio
393 689 423 748 in
448 690 541 765 spatio
564 686 672 746 chorus
693 704 762 746 ecce
784 704 904 745 suarum

106 774 239 836 occurrit
261 775 416 833 comtum:
437 772 591 851 nymphae,
616 788 687 848 quas
708 769 784 830 alma
806 770 921 848 Cybebe

106 875 217 919 numen
240 855 350 917 babere
373 857 462 916 maris
483 853 686 935 nymphasque
709 873 725 914 e
745 854 867 913 navibus
891 873 953 916 esse

107 944 242 1012 iusserat,
265 940 405 1000 innabant
427 941 538 1018 pariter
562 937 728 1016 fluctusque
751 938 899 1012 secabant,
929 1004 931 1008 ,

109 1031 180 1105 quot
198 1024 281 1102 prius
301 1033 417 1085 aeratae
438 1030 579 1085 steterant
601 1022 636 1081 ad
656 1021 739 1082 litora
761 1039 878 1098 prorae.

109 1110 292 1186 adgnoscunt
309 1107 397 1185 longe
417 1126 519 1187 regem
541 1106 724 1182 lustrantque
747 1106 871 1167 choreis.

110 1209 235 1273 quarum
256 1209 331 1269 quae
353 1192 433 1252 landi
454 1193 620 1252 doctissima
645 1190 824 1269 Cymodocea

110 1293 188 1356 pone
204 1293 330 1355 sequens
351 1277 453 1337 dextra
472 1277 594 1355 puppim
617 1282 696 1336 tenet
714 1277 836 1354 ipsaque
857 1276 944 1336 dorso

110 1361 219 1422 eminet
238 1377 273 1420 ac
291 1359 374 1421 laeva
395 1361 488 1421 tacitis
510 1359 690 1435 subremigat
711 1362 805 1430 undis,

109 1453 171 1506 tum
193 1445 237 1505 sic
255 1445 391 1523 ignarum
409 1444 593 1522 adloquitur:
619 1443 782 1518 ‘vigilasne
806 1443 894 1505 deum
917 1460 997 1520 gens,

109 1529 224 1592 Aenea?
245 1527 331 1606 vigila
351 1536 379 1588 et
401 1527 472 1588 velis
494 1529 607 1588 inmitte
625 1527 768 1587 rudentis.

109 1630 163 1675 nos
182 1629 294 1682 sumus,
318 1611 422 1674 ldaeae
443 1629 526 1672 sacro
550 1612 586 1672 de
606 1612 715 1671 vertice
738 1612 832 1687 pinus,

109 1715 187 1760 nunc
209 1695 306 1777 pelagi
328 1695 482 1775 nymphae,
506 1695 606 1756 classis
627 1702 685 1754 tua.
721 1694 852 1773 perfidus
876 1701 909 1755 ut
929 1713 983 1755 nos

109 1781 278 1862 praecipitis
301 1780 380 1840 ferro
401 1778 526 1840 Rutulus
548 1779 724 1858 llammaque
747 1778 909 1858 premebat,

108 1867 242 1943 rupimus
264 1865 369 1925 invitae
391 1871 439 1925 tua
460 1864 575 1925 vincula
599 1873 686 1943 teque
708 1883 762 1943 per
784 1882 896 1944 aequor

110 1950 287 2028 quaerimus.
320 1947 397 2009 banc
421 1950 552 2027 genetrix
576 1948 680 2010 faciem
702 1951 839 2010 miserata
860 1949 964 2012 reiecit

110 2041 138 2095 et
155 2033 234 2093 dedit
255 2049 318 2092 csse
339 2032 408 2093 deas
431 2050 591 2113 acremque
610 2034 721 2110 agitare
740 2033 794 2094 sub
814 2035 909 2096 undis.
1072 2043 1123 2095 235

109 2126 138 2179 at
159 2134 235 2196 puer
254 2117 395 2177 Ascanius
418 2133 503 2176 muro
525 2117 668 2196 fossisque
687 2125 803 2178 tenetur

68 2272 69 2275 Ἴ
108 2201 165 2262 tela
186 2202 263 2262 inter
286 2200 382 2261 media
405 2208 492 2279 atque
513 2201 643 2261 ardentis
664 2203 757 2263 blarte
779 2202 905 2264 Latinos.

109 2291 168 2346 iam
190 2284 255 2345 loca
277 2285 355 2345 iussa
377 2292 477 2345 tenent
498 2287 567 2346 lorti
588 2288 750 2365 permixtus
773 2287 897 2348 Etrusco

109 2371 199 2431 Arcas
221 2387 326 2447 eques:
347 2370 457 2430 medias
477 2369 532 2430 illis
556 2388 705 2449 opponere
728 2381 848 2441 turmas,

109 2471 147 2513 ne
170 2453 272 2514 castris
294 2454 423 2531 iungant,
447 2461 555 2514 certast
576 2457 720 2514 sententia
740 2455 851 2514 Turno.
1072 2465 1124 2517 240

41 2587 48 2598 .
109 2555 199 2614 surge
219 2554 272 2614 age
293 2543 320 2597 et
341 2538 455 2598 Aurora
477 2540 572 2598 socios
593 2541 726 2599 veniente
748 2540 848 2599 vocari

110 2623 225 2700 primus
243 2620 273 2680 in
294 2637 375 2681 arma
397 2620 465 2683 iube
487 2631 515 2684 et
534 2630 673 2698 clupeum
697 2640 778 2700 cape,
802 2640 890 2700 quem
911 2623 990 2685 dedit
1009 2623 1073 2703 lpse

111 2705 248 2763 invictum
269 2702 438 2783 Ignipotens
458 2717 544 2785 atque
567 2724 634 2767 oras
656 2706 757 2766 ambiit
778 2725 860 2767 auro.

113 2786 238 2847 crastina
258 2784 316 2857 lux,
336 2806 400 2851 mea
423 2792 446 2850 si
467 2809 526 2851 non
547 2792 634 2851 inrita
657 2791 734 2851 dicta
753 2793 874 2870 putaris,

111 2870 236 2948 ingentis
256 2871 380 2934 Rutulae
401 2875 545 2953 spectabit
567 2875 664 2936 caedis
682 2880 820 2937 acervos!
1072 2885 1123 2936 24⁶

111 2954 233 3025 dixerat,
257 2964 286 3017 et
308 2957 409 3019 dextra
432 2959 585 3021 discedens
607 2960 713 3039 inpulit
734 2961 821 3023 altam

111 3040 181 3100 haut
200 3041 301 3119 ignara
322 3043 402 3103 modi
423 3046 561 3121 puppim:
583 3044 657 3121 fugit
678 3045 726 3107 illa
746 3066 800 3126 per
821 3045 914 3107 undas

111 3127 193 3185 ocior
215 3132 244 3186 et
265 3124 360 3186 iaculo
383 3134 411 3186 et
432 3138 534 3187 ventos
557 3141 701 3206 aequante
723 3134 837 3206 sagitta.

110 3210 178 3269 lude
200 3208 273 3270 abae
293 3208 422 3271 celerant
446 3229 560 3273 cursus.
593 3221 689 3290 stupet
711 3215 820 3273 inscius
841 3214 904 3290 ipsc

110 3293 185 3353 Tros
207 3294 411 3363 Anchisiades;
432 3296 545 3356 animos
561 3303 660 3355 tamen
680 3298 778 3375 omine
800 3295 883 3353 tollit.
1071 3301 1122 3354 250

111 3386 172 3438 tum
194 3377 324 3438 breviter
345 3395 435 3454 super
457 3387 610 3455 aspectans
633 3395 761 3438 convexa
782 3386 938 3455 precatur:

112 3461 204 3523 ‘alma
225 3479 332 3541 parcns
352 3462 438 3524 ldaea
460 3462 556 3532 deum,
580 3463 628 3523 cui
649 3461 791 3532 Dindyma
813 3461 895 3522 cordi
