2400 3878
377 192 519 240 vunomr
540 193 664 242 nnuma
685 195 748 242 vm
1003 184 1067 246 nst

57 354 246 426 secretosque
267 348 341 426 pios,
363 346 408 408 bis
431 347 547 409 dantem
569 350 633 409 iura
654 348 802 411 Catonem.
1017 357 1068 410 670

57 430 131 492 boec
149 432 226 491 iuter
245 431 349 492 tumidi
373 430 430 492 late
451 433 541 492 maris
562 431 623 492 ibat
644 433 739 511 imago

56 533 156 582 aurea,
177 513 227 576 sed
243 514 334 574 ssuctu
353 515 530 593 spumabant
552 514 669 577 caerula
690 534 781 584 cano;
823 567 831 578 ,

57 604 86 659 et
107 600 218 659 circum
240 606 361 676 argento
384 597 454 658 clari
477 598 628 677 delphines
647 601 678 658 in
700 599 804 661 orbem

56 698 186 758 aequora
207 681 364 742 verrebant
386 681 485 743 caudis
504 691 675 762 aestumque
695 683 841 745 secabant.

56 765 87 824 in
109 766 206 825 medio
229 764 329 825 classis
348 772 470 836 aeratos,
493 767 574 826 Actia
596 765 681 838 bella,

57 866 180 909 cernere
200 857 264 909 erat
279 857 431 927 totumque
450 850 594 910 instructo
614 851 706 911 Marte
726 849 840 910 videres

55 932 170 993 terrere
190 933 337 993 Leucaten
356 951 428 993 auro
471 951 486 993 e
508 933 648 1010 effulgere
669 934 775 995 iluctus

56 1014 124 1074 hinc
147 1016 294 1093 Augustus
316 1034 406 1094 egens
442 1015 515 1077 talos
536 1018 566 1078 in
588 1016 699 1097 proelia
722 1018 828 1078 Caesar

56 1117 124 1159 cum
147 1098 279 1176 patribus
301 1099 478 1178 populoque,
500 1100 655 1179 penatibus
673 1109 702 1161 et
719 1104 832 1180 magnis
851 1101 903 1170 dis,

56 1188 136 1242 stans
160 1182 235 1243 celsa
256 1184 285 1243 in
307 1186 414 1263 puppi;
438 1187 568 1261 geminas
591 1185 638 1245 cui
658 1195 792 1264 tempora
814 1185 947 1246 flammas

56 1263 131 1326 laeta
153 1275 272 1326 vomunt
295 1269 480 1346 patriumque
502 1271 633 1346 aperitur
654 1269 762 1330 vertice
784 1269 873 1330 sidus.

55 1357 140 1426 parte
160 1349 215 1410 alia
237 1352 329 1412 ventis
351 1359 380 1412 et
400 1351 443 1410 dis
464 1352 593 1431 Agrippa
616 1353 752 1412 secundis

57 1433 164 1492 arduos
186 1451 291 1510 agmen
313 1452 416 1509 agens;
440 1435 485 1494 cui
508 1434 586 1512 (belli
607 1436 720 1512 insigne
740 1434 912 1512 superbum)

55 1521 188 1594 tempora
210 1515 304 1577 navali
324 1516 438 1592 fulgent
459 1524 584 1576 rostrata
606 1534 724 1577 corona.

55 1597 123 1658 hinc
143 1617 198 1677 ope
219 1599 373 1660 barbarica
395 1599 540 1677 variisque
561 1600 702 1659 Antonius
725 1600 821 1665 armis,

54 1683 147 1742 victor
170 1681 205 1742 ab
228 1684 360 1742 Aurorae
381 1679 498 1761 populis
520 1691 549 1742 et
572 1683 659 1743 litore
679 1682 781 1750 rubro,

55 1767 217 1842 Aegyptum
240 1767 374 1843 viresque
397 1765 524 1825 Orientis
547 1774 576 1826 et
597 1764 697 1826 ultima
716 1784 816 1826 seeum

56 1849 161 1908 bactra
182 1847 269 1917 vehit,
290 1850 480 1926 sequiturque
503 1848 603 1930 (nefas)
625 1851 764 1929 Aegyptia
788 1850 924 1911 coniunx.

56 1949 113 1990 una
136 1948 237 1990 omnes
256 1949 354 2001 ruere,
377 1950 411 1993 ac
432 1939 526 1994 totum
548 1951 686 2013 spumare
709 1933 839 1996 reductis

56 2012 227 2079 convolsum
247 2017 336 2076 remis
359 2019 522 2096 rostrisque
543 2017 719 2079 tridentibus
740 2035 860 2095 aequor.

54 2102 111 2162 alta
132 2110 250 2179 petunt:
273 2099 379 2180 pelago
400 2101 503 2161 credas
523 2104 626 2162 innare
644 2100 773 2162 revolsas

54 2184 192 2264 Cycladas
210 2195 260 2246 aut
281 2185 388 2246 montis
408 2202 587 2247 concurrere
609 2185 757 2247 montibus
779 2184 861 2253 altos,

54 2276 133 2328 tanta
153 2268 230 2329 mole
251 2271 305 2330 viri
326 2270 439 2330 turritis
458 2269 605 2349 puppibus
628 2271 745 2329 instant.

54 2358 176 2429 stuppea
199 2351 316 2412 flamma
339 2371 427 2413 manu
449 2351 574 2431 telisque
595 2350 711 2412 volatile
732 2352 844 2413 sermm

53 2437 211 2514 spergitur,
235 2452 303 2495 arva
326 2453 400 2495 nova
420 2434 564 2511 Neptunia
580 2434 670 2494 caede
689 2433 858 2494 rubescunt

54 2519 155 2596 regina
176 2521 206 2577 in
228 2519 330 2578 mediis
351 2516 445 2594 patrio
465 2527 549 2576 vocat
570 2519 686 2593 agmina
708 2518 794 2575 sistro

54 2602 180 2662 necdum
200 2602 285 2661 etiam
308 2601 440 2678 geminos
460 2617 477 2659 a
495 2606 578 2676 tergo
599 2600 719 2677 respicit
739 2599 851 2675 anguls.

56 2687 305 2762 omnigenumque
327 2683 414 2744 deum
437 2691 568 2742 monstra
591 2689 621 2743 et
640 2681 762 2741 latrator
781 2679 893 2740 Anubis

55 2776 157 2828 contra
176 2768 346 2847 Neptunum
368 2774 396 2827 et
417 2764 560 2826 Venerem
582 2772 742 2844 contraque
763 2763 919 2824 Minervam

55 2849 111 2911 tela
132 2861 242 2911 tenent.
272 2852 364 2912 saevit
380 2849 477 2910 medio
498 2850 528 2909 in
550 2850 709 2909 certamine
725 2844 839 2908 llarors

56 2932 183 2994 caelatus
206 2937 285 2995 lerro
305 2936 462 3012 tristesque
485 2952 520 2994 ex
542 2933 661 3012 aethere
682 2932 779 3002 Dirae,

57 3026 86 3076 et
107 3019 194 3077 scissa
214 3019 344 3094 gaudens
366 3017 443 3077 vadit
464 3017 616 3079 Discordia
637 3015 722 3094 palla,

56 3116 144 3176 quam
166 3117 233 3160 cum
253 3103 412 3178 sanguineo
432 3098 565 3180 sequitur
584 3099 705 3160 Bellona
726 3097 851 3173 flagello.

55 3182 154 3241 Actius
178 3182 251 3243 baec
273 3202 397 3244 cernens
420 3201 521 3244 mcum
546 3182 685 3243 tendebat
705 3178 814 3260 Apollo

57 3265 202 3341 desuper:
224 3269 320 3326 omnis
342 3286 377 3327 eo
395 3275 510 3328 terrore
532 3267 679 3346 Aegyptus
702 3272 731 3326 et
751 3263 825 3331 lndl,

57 3348 151 3409 omnis
171 3348 275 3418 Arabs,
298 3367 399 3410 omnes
416 3350 569 3412 vertebant
588 3358 670 3426 terga
691 3346 805 3408 Sabaei.

57 3442 118 3510 ipsa
142 3430 293 3492 videbatur
314 3435 406 3494 ventis
429 3435 529 3511 regina
550 3434 658 3493 vocaus

128 3546 260 3592 breones,
280 3544 393 3583 nourr..
