2400 3878
374 708 417 784 P.
444 703 663 783 VERGILI
691 706 920 786 uaaoms

215 882 261 978 G
318 882 360 976 E
421 879 466 976 O
526 879 574 973 R
634 879 679 976 G
737 882 763 976 Ι
823 881 863 979 O
923 882 967 980 Ο
1026 883 1075 980 N

477 1051 595 1109 LIBER
622 1052 812 1121 QVARTVS

178 1371 323 1431 Protenus
345 1369 415 1430 aerii
438 1367 532 1428 mellis
554 1367 688 1428 caelestia
711 1369 787 1430 dona

137 1472 296 1532 exsequar:
324 1453 402 1513 hanc
425 1454 528 1521 etiam,
551 1453 717 1521 llaeoenas,
740 1453 838 1532 aspice
861 1458 982 1530 partem.

136 1537 308 1599 admiranda
329 1536 382 1597 tihi
403 1536 509 1597 leuium
532 1536 696 1615 spectacula
719 1554 820 1598 rerum

136 1623 396 1700 magnanimosque
419 1621 509 1681 duces
530 1622 678 1697 totiusque
700 1621 802 1681 ordine
825 1621 919 1698 gentis

136 1723 235 1766 mores
257 1712 286 1765 et
308 1704 402 1764 studia
426 1712 455 1764 et
476 1703 600 1781 populos
623 1711 651 1763 et
672 1702 783 1780 proelia
806 1704 909 1764 dicam.
1142 1717 1161 1771 5

135 1790 167 1848 in
187 1789 268 1849 tenui
289 1786 388 1855 lahor;
412 1794 442 1847 at
463 1788 558 1846 tenuis
580 1804 639 1845 non
661 1786 768 1864 gloria,
791 1789 904 1867 siquem

136 1872 257 1932 numina
278 1871 360 1932 laeva
381 1872 480 1931 sinunt
502 1871 640 1951 auditque
661 1879 781 1932 vocatus
802 1870 914 1950 Apollo.

177 1955 324 2033 Principio
346 1954 431 2015 sedes
453 1954 556 2033 apibus
577 1955 720 2032 statioque
741 1955 877 2033 petenda,

137 2059 195 2118 quo
218 2057 314 2117 neque
336 2040 373 2098 sit
395 2039 488 2122 ventis
509 2040 604 2100 aditus
627 2040 704 2116 (nam
725 2037 833 2117 pabula
855 2039 933 2100 uenti

136 2125 216 2184 lerre
237 2123 358 2183 domum
380 2122 546 2202 prohibent)
569 2141 666 2202 nequo
688 2142 757 2184 oves
777 2123 921 2201 haedique
942 2119 1050 2199 petulci
1124 2134 1155 2188 lo

136 2207 259 2269 lloribus
281 2207 434 2277 insultent,
458 2214 508 2267 aut
530 2226 631 2268 errans
654 2207 759 2267 bocula
782 2225 885 2284 eampo

137 2293 264 2352 decutiat
285 2309 399 2361 rorem,
423 2299 453 2352 et
474 2293 620 2370 surgentis
641 2298 747 2352 atterat
768 2290 886 2352 herbas.

136 2375 233 2436 absint
254 2382 283 2436 et
303 2375 374 2452 ploti
396 2375 556 2453 squalentia
577 2383 660 2454 terga
682 2375 783 2437 lacerti

136 2458 295 2538 pinguibus
316 2477 332 2518 a
355 2459 489 2529 stabulis,
512 2477 706 2538 meropesque
728 2458 860 2537 aliaeque
881 2457 1017 2520 volucres

136 2550 165 2604 et
186 2543 321 2604 manibus
342 2543 457 2604 Procne
477 2550 580 2621 peetus
602 2545 713 2620 signata
736 2543 879 2610 eruentis;

136 2628 233 2688 omnia
255 2645 323 2688 nam
344 2627 401 2688 late
424 2634 536 2687 vastant
557 2629 693 2706 ipsasque
714 2626 837 2688 volantis

136 2729 188 2772 ore
210 2711 309 2772 lerunt
330 2710 446 2771 dulcem
468 2711 544 2770 nidis
565 2711 714 2771 inmitibus
735 2729 843 2770 eseam.

135 2812 194 2855 neu
215 2795 338 2872 propius
358 2797 444 2854 tectis
464 2801 564 2853 taxum
586 2796 664 2863 sine,
687 2811 760 2853 neve
780 2793 914 2855 rubentis

135 2896 189 2939 ure
211 2879 277 2938 loco
300 2894 436 2945 canoros,
460 2876 535 2937 altae
556 2894 615 2937 neu
637 2877 724 2938 crede
745 2875 853 2955 paludi,

136 2969 186 3022 aut
207 2961 259 3021 ubi
281 2961 354 3019 odor
378 2961 458 3021 oaeni
481 2961 576 3038 gravis
598 2970 648 3021 aut
668 2961 725 3022 ubi-
743 2979 869 3023 ooncava
892 2961 979 3041 pulsu

135 3063 205 3104 saxa
227 3050 331 3103 sonant
351 3043 489 3123 vocisque
511 3045 620 3106 offensa
641 3044 763 3106 resultat
784 3047 890 3125 imago.

136 3134 165 3187 at
186 3127 286 3205 liquidi
309 3127 403 3187 lentes
426 3136 455 3187 et
477 3137 578 3207 stagna
600 3131 720 3191 virentia
742 3148 845 3190 museo

136 3211 232 3272 adsint
254 3217 282 3270 et
303 3212 399 3271 tenuis
421 3213 535 3292 lugiens
557 3232 610 3292 per
633 3216 764 3291 gramina
786 3217 873 3284 rivos,

135 3291 289 3373 palmaque
310 3294 485 3357 vestibulum
508 3299 683 3376 adtingens
705 3297 828 3359 oleaster
850 3296 1007 3359 inumbret.

135 3386 182 3443 ut.
207 3396 273 3438 oum
295 3379 389 3457 prima
411 3382 478 3440 novi
501 3381 609 3442 ducent
631 3382 763 3442 examina
784 3400 870 3460 reges
