2400 3878
385 223 528 273 vnuuuu
549 225 674 276 AENEIS
698 227 747 276 v11

58 380 121 458 ipse
144 378 293 441 ferebatur
314 377 432 439 Phoebo
455 396 585 440 sacrasse
607 379 726 441 Latinus

56 463 268 541 Laurentisque
288 462 324 523 ab
345 480 378 522 ea
400 480 506 522 nomen
528 464 660 541 posuisse
682 464 801 526 colonie.

55 546 141 607 huius
164 565 233 625 apes
253 563 399 606 summum
423 545 529 607 densae
550 546 691 625 (mirabile
712 548 809 628 dictu),

55 630 183 691 stridore
203 631 313 707 ingenti
331 628 471 707 liquidum
493 638 573 691 trans
596 632 714 692 aethera
734 640 841 704 vectae,

56 713 199 773 obsedere
220 714 341 790 apicem,
365 712 536 791 etpedibus
558 732 611 792 per
633 724 733 775 mutua
750 718 833 776 nexis

56 814 177 857 examen
199 795 327 857 subitum
344 814 427 856 ramo
450 796 604 858 irondente
625 800 772 877 pependit.

56 881 193 939 continuo
215 888 293 940 vates
316 887 486 941 ‘externum
509 882 669 941 cernimus'
690 883 784 962 inquit

55 963 225 1024 tadrentare
246 963 340 1023 virum
360 971 389 1023 et
407 964 497 1041 partis
511 971 619 1042 petere
641 983 745 1043 agmen
766 967 881 1028 easdem

54 1046 186 1124 partibus
206 1065 241 1108 ex
264 1047 355 1107 isdem
378 1055 406 1107 et
426 1064 539 1108 summa
562 1048 739 1110 dominarier
760 1052 846 1111 arce.'

54 1137 216 1207 praeterea,
238 1131 322 1191 castis
344 1129 440 1191 adolet
463 1132 532 1191 dum
554 1131 655 1193 altaria
675 1133 765 1194 taedis

56 1220 84 1273 et
103 1215 181 1274 iuxta
201 1215 362 1291 genitorem
384 1213 477 1275 adstat
499 1215 616 1275 Lavinia
639 1217 730 1294 virgo,

55 1298 114 1357 visa
137 1298 235 1373 (nelas)
261 1296 354 1373 longis
377 1299 589 1376 comprendere
611 1300 740 1361 crinibus
762 1302 868 1378 ignem,

54 1375 173 1460 ’'[atque
189 1397 307 1439 omnem
324 1388 458 1441 ornatum
480 1381 596 1442 flamma
617 1384 777 1461 crepitante
796 1379 937 1462 cremari]

55 1462 220 1542 regalisque
240 1481 363 1524 accensa
386 1481 492 1532 comas,
518 1481 641 1525 accensa
667 1483 806 1526 coronam

55 1549 198 1623 insignem
221 1546 352 1625 gemmis,
375 1552 437 1606 turn
459 1546 568 1606 fumida
590 1546 699 1608 lumine
721 1548 799 1608 fulvo

55 1629 162 1691 involvi
183 1647 217 1690 ac
238 1631 306 1690 totis
328 1628 486 1690 Volcanum
509 1646 648 1708 spargere
669 1632 760 1692 tectis.

55 1714 83 1774 id
107 1731 175 1773 vero
197 1713 378 1774 horrendum
403 1730 437 1772 ac
458 1713 520 1772 visu
542 1711 676 1774 mirabile
697 1714 782 1775 ferri:

55 1815 180 1876 namque
201 1797 265 1858 iore
285 1795 437 1857 inlustrem
457 1796 532 1856 lama
554 1795 677 1873 latisque
701 1797 843 1859 canebant

55 1883 156 1958 ipsam,
182 1880 233 1940 sed
254 1878 362 1958 populo
382 1897 520 1958 magnum
539 1881 715 1957 portendere
736 1880 855 1943 belum.

55 1972 85 2025 at
103 1982 155 2024 rex
176 1963 316 2025 sollicitus
340 1965 479 2023 monstris
498 1962 615 2025 oracula
637 1965 737 2036 Fauni,

55 2047 162 2108 iatidici
184 2048 333 2126 genitoris,
358 2047 417 2108 adit
429 2046 652 2145 lucosque'sub
673 2048 729 2109 alta

56 2130 180 2192 consulit
200 2130 342 2200 albunea,
362 2128 516 2192 nemorum
539 2149 613 2209 quae
631 2134 754 2193 maxima
778 2150 861 2193 sacro

56 2216 134 2275 lente
154 2222 237 2275 sonat
259 2232 431 2293 saevamque
452 2213 565 2276 exhalat
588 2233 678 2293 opaca
699 2216 860 2294 mephitim.

56 2298 124 2358 binc
145 2297 232 2358 ltalae
254 2306 354 2376 gentes
377 2298 528 2377 omnisque
551 2297 688 2360 Oenotria
713 2299 799 2360 tellus

56 2383 86 2441 in
108 2381 203 2441 dubiis
224 2398 365 2458 respousa
387 2389 503 2459 petunt;
527 2380 586 2441 huc
605 2382 681 2442 dona
701 2383 838 2443 sacerdos

57 2482 123 2524 cum
145 2462 210 2524 tulit
232 2471 261 2524 et
283 2481 433 2524 caesarum
456 2463 553 2523 ovium
573 2462 627 2523 sub
649 2472 735 2526 nocte
756 2464 852 2525 silenti

56 2546 181 2626 pellibus
201 2545 332 2607 incubuit
353 2547 450 2606 stratis
470 2563 648 2625 somnosque
669 2549 778 2624 petivit,

57 2628 147 2691 multa
168 2629 262 2690 modis
282 2628 437 2689 simulacra
456 2627 533 2688 videt
555 2627 699 2690 volitantia
722 2631 804 2689 miris

58 2723 86 2776 et
106 2713 198 2774 varias
218 2712 297 2774 audit
317 2729 403 2773 voces
426 2712 591 2790 fruiturque
613 2712 737 2774 deorum

57 2796 212 2876 conloquio
235 2802 322 2876 atque
341 2796 407 2857 lmis
429 2795 593 2857 Acheronta
614 2796 727 2858 adlatur
748 2797 878 2865 avernis.

56 2883 104 2942 hic
128 2890 156 2942 et
177 2890 238 2942 tum
258 2888 341 2960 pater
363 2881 426 2959 ipse
446 2887 549 2960 petens
571 2898 712 2960 responsa
734 2882 851 2942 Latinus

59 2972 177 3026 centum
198 2963 345 3046 lanigeras
363 2963 509 3025 mactabat
525 2965 581 3037 rite
601 2965 727 3026 bidentis

57 3057 144 3127 atque
163 3050 267 3110 barum
287 3047 402 3110 eiiultus
424 3057 506 3128 tergo
528 3050 683 3128 stratisque
702 3048 814 3111 iacebat

59 3131 228 3193 velleribus:
249 3131 343 3193 subita
367 3151 401 3192 ex
424 3131 481 3193 alto
504 3152 559 3193 vox
580 3133 694 3195 reddita
712 3131 779 3194 luco
801 3140 844 3194 est

59 3227 111 3276 ‘ne
133 3221 198 3293 pete
221 3215 352 3277 contrbiis
371 3223 468 3277 natam
490 3217 602 3278 sociare
619 3216 736 3286 Latinis,

58 3319 75 3361 o
99 3318 163 3360 mea
185 3300 348 3377 progenies,
370 3299 505 3361 thalamis
527 3318 585 3362 neu
608 3298 695 3361 crede
715 3298 840 3378 paratis:

59 3383 171 3444 externi
191 3382 306 3443 venient
324 3383 434 3460 generi,
456 3385 506 3462 qui
528 3384 669 3460 sanguine
692 3389 826 3442 nostrum
940 3399 944 3408 ·

58 3483 166 3528 nomen
187 3466 218 3527 ln
241 3472 318 3527 astra
338 3465 433 3528 lerant
453 3484 636 3546 quorumque
658 3483 674 3526 a
695 3466 785 3544 stirpe
806 3472 928 3544 nepotes
