2400 3878
126 209 166 269 26
426 217 568 266 veneror
591 217 793 266 oronorcou
815 219 827 264 1

104 381 330 452 ,terrarumque
351 372 421 433 velis
444 391 559 443 curam,
583 380 611 432 et
633 380 661 432 te
683 391 836 433 maxumus
859 374 938 434 orlis

125 466 275 518 auctorem
298 457 415 534 hugum
437 463 700 535 tempestatumque
721 463 869 535 potentem

125 541 248 619 accipiat
271 542 389 618 cingens
411 548 542 599 materna
564 546 697 617 tempora
719 545 824 618 myrto,

126 643 162 685 au
186 625 257 684 deus
278 625 411 684 immensi
433 624 531 683 venias
552 623 641 682 maris
663 641 697 682 ac
719 628 768 682 tua
790 629 896 682 nautae

125 709 244 768 numina
267 706 327 767 sola
350 707 461 776 colant,
484 706 535 765 tibi
557 706 662 766 serviat
683 705 783 765 ultima
805 703 896 783 Thyle

125 798 213 870 teque
235 791 289 850 sibi
311 808 451 868 generum
473 790 580 868 Tethys
603 798 680 849 emat
701 788 836 848 omnihus
858 787 952 856 undis,

125 892 200 935 aime
221 891 327 933 novom
349 874 439 933 tardis
460 874 540 933 sidus
561 881 590 932 te
612 872 760 933 mensibus
782 871 880 939 addas,

125 975 182 1036 qua
204 957 286 1016 locus
308 956 455 1035 Erigonen
478 959 552 1016 inter
575 954 730 1034 chelasque
752 955 900 1033 sequentis

125 1040 261 1119 panditur
284 1037 362 1117 (ipse
383 1039 435 1099 tihi
457 1040 513 1100 iam
535 1039 673 1100 bracchia
695 1038 840 1098 contrahit
861 1037 965 1097 ardens

127 1124 265 1201 Scorpius
288 1130 317 1183 et
339 1123 410 1183 caeli
432 1124 506 1183 iusta
527 1123 593 1200 plus
614 1131 696 1200 parte
718 1120 868 1202 relinquit)
894 1155 928 1164 -

125 1207 263 1285 quidquid
287 1207 345 1266 cris
367 1205 449 1285 (nam
470 1214 500 1266 te
521 1224 576 1266 nec
598 1213 717 1283 sperant
737 1205 858 1263 Tartara
881 1221 980 1281 regem

125 1309 180 1351 nec
202 1289 253 1348 tihi
276 1289 416 1367 regnandi
437 1291 532 1349 veniat
553 1297 612 1348 tam
634 1289 696 1348 dira
718 1289 833 1364 cupido,

125 1375 256 1452 quamvis
277 1372 389 1452 Elysios
410 1373 532 1433 miretur
555 1373 676 1431 Graecia
698 1389 817 1449 campos

124 1475 179 1517 nec
200 1458 323 1535 repetita
344 1458 427 1536 sequi
449 1463 532 1517 curet
552 1456 726 1534 Proserpina
747 1459 898 1533 matrem),

125 1540 161 1600 da
183 1540 298 1601 facilem
321 1559 439 1601 cursum
461 1548 549 1619 atque
570 1539 728 1600 audacibus
750 1539 845 1599 adnue
867 1545 985 1613 coepus,

126 1625 299 1701 ignarosque
322 1626 384 1684 viae
406 1643 521 1684 mecum
542 1626 695 1684 miseratus
716 1623 838 1700 agrestis

126 1706 279 1781 urgredere
301 1715 331 1766 et
353 1709 424 1765 votis
446 1709 502 1765 iarn
524 1724 603 1765 nunc
625 1706 764 1765 adsuesce
785 1704 891 1762 vocari.

165 1789 239 1848 Vere
261 1805 336 1847 novo
358 1789 470 1865 gelidus
493 1789 571 1847 canis
593 1805 659 1846 curn
680 1786 826 1845 montibus
847 1800 933 1843 umor

120 1871 243 1948 liquitur
266 1878 295 1931 et
316 1871 442 1967 zephyro
463 1871 557 1948 putris
578 1887 609 1928 se
631 1867 733 1946 glaeba
754 1867 880 1933 resolvit,

125 1954 262 2033 depresso
283 1954 402 2031 incipiat
422 1953 479 2013 iam
500 1959 563 2011 tum
584 1952 654 2010 mihi
675 1958 777 2010 taurus
799 1956 895 2010 aratro

123 2055 286 2114 ingemere,
311 2044 339 2096 et
360 2035 441 2096 sulco
454 2035 576 2111 attritus
596 2033 838 2115 splendescere
821 2050 931 2092 vomer
961 2048 982 2089 ‚¹
1015 2070 1023 2111 ς
1054 2072 1062 2109 ‚t

123 2119 170 2179 illa
193 2137 277 2196 seges
299 2108 487 2179 deniumt
439 2126 487 2179 vot
488 2121 512 2178 is
532 2118 690 2196 respondet
711 2119 789 2178 avari

123 2202 282 2301 agricolae,
304 2201 349 2262 his
371 2221 445 2280 quae
467 2202 570 2271 solem,
593 2202 637 2261 his
659 2201 768 2278 lrigora
790 2202 895 2269 sensit;

121 2285 227 2346 illius
219 2303 378 2346 immensae
400 2290 544 2364 ruperunt
564 2285 670 2346 horrea
691 2303 819 2346 messes,

122 2379 152 2429 at
173 2371 254 2447 prius
275 2370 406 2448 ignotum
427 2369 507 2429 lerro
529 2387 616 2447 quarn
638 2368 795 2428 scindimus
817 2385 936 2444 aequor,

122 2462 223 2514 ventos
246 2460 274 2513 et
295 2453 407 2513 varium
429 2451 500 2512 caeli
521 2451 706 2529 praediscere
727 2470 839 2512 morem

123 2555 192 2597 cura
215 2537 251 2596 sit
272 2555 307 2597 ac
327 2537 436 2614 patrios
459 2535 612 2614 cultusque
633 2535 806 2615 habitusque
827 2534 968 2605 locorum,

124 2620 242 2698 etquid
266 2639 397 2698 quaeque
419 2620 494 2680 lerat
514 2621 596 2697 regio
620 2627 648 2679 et
670 2620 739 2699 quid
761 2639 893 2700 quaeque
915 2622 1038 2679 recuset

123 2703 170 2764 hic
193 2711 319 2780 segetes,
342 2702 382 2762 illi
403 2704 522 2764 veniunt
542 2703 654 2763 leHcius
675 2721 757 2773 uvae,

123 2787 239 2846 arborei
262 2787 338 2846 letus
359 2786 426 2846 alibi
463 2794 550 2864 atque
570 2787 678 2846 iniussa
699 2787 847 2844 virescunt

123 2872 263 2946 gramina.
301 2886 398 2928 nonne
420 2869 498 2928 vides
520 2885 640 2929 croceos
660 2865 822 2926 utl'molus
843 2865 957 2933 odores,

121 2950 202 3011 ludia
225 2950 311 3010 mittit
333 2950 420 3021 ebur,
442 2951 545 3011 molles
566 2969 618 3010 sua
639 2956 705 3008 tura
727 2948 839 3017 Sabaei,

122 3041 151 3093 at
173 3031 314 3110 Chalybes
335 3034 404 3093 nudi
427 3036 554 3104 terrum,
576 3035 729 3110 virosaque
749 3031 859 3090 Pontus

123 3123 267 3183 castorea,
291 3116 423 3177 Eliadum
444 3117 556 3196 palmas
577 3115 681 3193 Epiros
704 3115 864 3193 equarum?

122 3200 259 3259 continuo
281 3199 334 3259 has
356 3199 624 3279 legesaeternaque
646 3198 765 3258 foedera
788 3199 874 3258 certis

122 3283 259 3359 imposuit
280 3290 383 3342 natura
404 3284 491 3353 locis,
515 3301 572 3361 quo
594 3290 725 3359 tempore
747 3283 872 3360 primum

122 3364 279 3425 lleucalion
303 3383 422 3426 vacuom
443 3367 553 3446 lapides
574 3367 690 3426 iactavit
710 3367 739 3426 in
762 3366 873 3436 orbem,

123 3449 200 3508 unde
221 3449 354 3509 homines
375 3451 448 3519 nati,
473 3450 578 3510 durum
600 3469 701 3529 genus.
740 3469 810 3528 ergo
832 3468 899 3527 age,
921 3460 1019 3512 terrae
