2400 3878
390 222 534 272 VDRGILI
554 222 680 270 cunels
702 223 738 269 VI

56 396 195 458 magnum
216 379 336 455 reghrae
356 377 504 438 sedenim
525 378 680 438 miseratus
698 394 830 438 amorem

55 460 199 525 Daedalus
215 463 278 541 ipse
299 459 381 521 dolos
403 461 472 521 tecti
494 460 690 540 ambagesque
708 459 841 532 resolvit,

57 564 145 606 caera
166 562 272 622 regens
293 544 341 605 filo
360 545 488 621 vestigia.
533 551 564 604 tu
585 562 702 623 quoque
723 562 860 622 magnam

56 639 171 708 partem
193 646 283 706 opere
304 630 451 698 intanto,
475 629 584 688 sineret
602 627 701 699 dolor,
722 628 819 699 lcare,
842 626 968 688 haberes

57 712 101 773 bis
124 719 245 772 conatus
267 721 330 773 erat
352 729 435 773 casus
458 711 598 789 effingere
618 712 649 771 in
670 730 758 782 auro,

56 796 102 856 bis
123 795 234 873 patriae
255 796 388 857 cecidere
408 812 520 855 manus.
565 797 635 873 quin
652 797 785 874 protinus
807 793 904 854 omnia

57 879 245 958 perlegerent
266 879 372 950 oculis,
395 881 426 939 ni
446 879 504 939 iam
524 880 701 956 praemissus
722 878 847 940 Achates

58 962 172 1023 adforet
192 973 278 1043 atque
299 982 358 1025 una
380 962 492 1024 Phoebi
512 963 683 1042 Triviaeque
705 963 856 1035 sacerdos,

57 1045 208 1125 Deiphobe
230 1047 345 1115 Glauci,
368 1048 444 1108 latur
467 1066 542 1126 quae
562 1046 629 1107 talia
646 1048 722 1125 regi:
761 1062 762 1065 ’

59 1140 132 1189 ‘non
151 1130 207 1191 hoc
225 1133 279 1191 ista
301 1132 356 1192 sihi
374 1139 490 1211 tempus
507 1132 672 1211 spectacula
692 1133 799 1210 poscit;

57 1231 138 1273 nuuc
160 1232 248 1293 grege
270 1215 306 1277 dc
326 1216 435 1276 intacto
454 1225 565 1292 septem
588 1226 718 1277 mactare
739 1217 877 1276 iuvencos

58 1299 250 1375 praestiterit,
272 1298 393 1360 totidem
415 1299 505 1359 lectas
525 1299 562 1360 de
583 1317 667 1361 more
687 1299 824 1360 bidentis
832 1296 839 1318 '

57 1379 164 1441 talibus
187 1382 282 1442 adlata
300 1383 420 1443 Aenean
439 1382 503 1461 (nec
525 1401 609 1442 sacra
631 1391 783 1444 morantur

58 1466 136 1526 iussa
158 1466 221 1545 viri)
244 1465 376 1526 Teucros
396 1473 481 1525 vocat
501 1464 587 1524 alta
579 1484 609 1525 ιιι
630 1466 753 1562 templa
760 1466 979 1554 sacerdos.

100 1549 236 1609 Excisum
259 1548 406 1610 Euboicae
426 1546 529 1608 latus
521 1565 624 1626 mgens
645 1551 728 1626 rupis
744 1551 774 1608 in
795 1556 927 1615 antrum,

58 1649 117 1710 quo
138 1632 188 1692 lati
211 1632 321 1694 ducunt
341 1633 436 1693 aditus
459 1640 590 1699 centum,
614 1633 688 1693 ostia
709 1639 841 1701 centum:

58 1716 137 1777 unde
159 1724 249 1777 ruunt
269 1717 391 1778 totidem
412 1734 514 1785 voces,
537 1733 678 1793 responsa
700 1715 834 1795 Sibyhae.

59 1809 179 1860 ventum
202 1808 265 1860 erat
286 1800 323 1861 ad
345 1800 449 1871 limen,
473 1819 540 1861 cum
561 1801 643 1876 virgo
667 1810 804 1877 ‘poscere
826 1799 883 1858 iata

58 1883 187 1961 tempus'
211 1885 264 1944 ait:
288 1885 393 1955 ‘deus
416 1902 502 1954 ecoe,
526 1884 625 1945 deusl'
648 1886 695 1943 cui
717 1883 783 1943 taha
807 1882 877 1943 fanti

59 1976 126 2028 ante
148 1967 227 2028 iores
249 1967 346 2029 subito
363 1987 423 2028 nou
440 1967 550 2038 voltus,
572 1986 631 2028 non
653 1966 734 2028 color
754 1985 844 2036 unus,

58 2069 118 2112 non
140 2059 276 2129 comptae
298 2068 432 2114 mansere
455 2070 573 2121 comae:
593 2048 760 2130 sedpeotus
782 2049 934 2121 anhelum,

59 2144 88 2196 et
110 2135 192 2196 rabie
213 2136 275 2197 iera
298 2137 388 2198 corda
408 2145 536 2205 tument;
558 2138 712 2214 maiorque
731 2135 823 2196 videri

58 2235 114 2279 nec
137 2220 261 2281 mortale
282 2238 404 2290 sonans,
427 2220 532 2282 adllata
555 2229 600 2281 est
617 2221 737 2280 numine
760 2219 876 2297 quaudo

59 2303 117 2363 iam
137 2305 275 2381 propiore
295 2305 350 2366 dei.
395 2312 508 2365 ‘cassas
528 2305 557 2363 in
578 2311 643 2364 vota
665 2321 841 2381 precesque,
919 2333 921 2336 >

59 2383 149 2445 'laos’
172 2387 211 2446 ait
232 2388 361 2448 ‘heneal
380 2388 494 2449 cessas?
516 2405 613 2465 neque
635 2389 712 2447 enim
734 2395 802 2446 ante
825 2386 976 2447 dehiscent

60 2471 199 2529 attonitae
220 2488 325 2547 magna
348 2488 400 2530 ora
423 2468 552 2530 domus.'
597 2476 626 2529 et
646 2468 714 2529 talia
732 2470 790 2528 lata

60 2552 207 2613 conticuit.
251 2552 363 2629 gelidus
383 2553 506 2613 Teucris
526 2569 579 2628 per
601 2551 675 2611 dura
696 2551 828 2610 cucurrit

62 2654 126 2696 ossa
147 2643 272 2705 tremor,
295 2636 449 2713 funditque
466 2652 570 2711 preces
592 2653 645 2693 rex
664 2641 784 2711 pectore
804 2632 840 2693 ab
863 2635 937 2694 imo:

60 2718 209 2790 ‘Phoebe,
228 2722 324 2796 gravis
346 2720 452 2780 Troiae
474 2735 591 2796 semper
613 2718 750 2777 miserate
771 2715 901 2788 labores,

60 2802 195 2869 Dardana
216 2805 267 2881 qui
289 2803 402 2865 Paridis
420 2801 535 2863 derextl
549 2800 607 2861 tela
628 2819 791 2879 manusque

60 2904 168 2966 corpus
189 2889 220 2950 in
239 2888 398 2955 heacidae,
424 2904 546 2964 magnas
570 2885 708 2946 obeuntia
727 2895 821 2945 terras

59 2979 103 3031 tot
124 2973 214 3033 maria
235 2974 339 3033 intravi
358 2973 432 3032 duce
454 2979 483 3031 te
506 2971 681 3048 penitusque
703 2979 835 3048 repostas

59 3054 215 3133 Massylum
237 3058 331 3134 gentis
349 3062 560 3134 praetentaque
581 3053 714 3132 Syrtibus
734 3071 817 3121 arva,

59 3139 116 3200 iam
137 3140 257 3201 tandem
276 3140 375 3201 ltaliae
396 3139 534 3218 fugientis
555 3137 727 3216 prendimus
749 3153 825 3196 oras.

59 3218 116 3283 hac
136 3222 264 3284 Troiana
284 3231 369 3284 tenus
391 3224 479 3284 luerit
499 3222 629 3282 Fortuna
651 3230 765 3280 secuta:

61 3322 111 3365 vos
133 3324 250 3385 quoque
268 3307 475 3388 Pergameae
467 3322 525 3366 ram
543 3305 586 3363 ias
607 3314 651 3364 est
672 3321 795 3380 parcere
817 3305 911 3378 genti,

62 3389 149 3467 dique
171 3391 301 3469 deaeque
320 3407 439 3468 omnes,
461 3388 568 3466 quibus
590 3386 701 3447 obstitit
721 3385 805 3447 Ilium
827 3395 856 3445 et
876 3386 979 3463 ingens

62 3470 154 3551 gloria
175 3473 347 3535 Dardaniae.
390 3479 497 3551 tuque,
520 3489 537 3530 o
557 3471 738 3532 sanctissima
758 3479 851 3537 vates,

115 3589 246 3631 oaeneon.
265 3567 379 3626 cenom.
831 3564 868 3626 13

1040 557 1074 610 30
