2400 3878
534 192 633 243 clins.

72 349 128 410 hoo
149 367 241 409 unum
265 348 352 409 exitio
375 345 459 406 docta
482 354 569 426 atque
592 355 711 428 experta
733 346 869 407 monebo.

68 432 145 512 quod
168 433 193 492 si
215 450 275 493 nou
298 431 352 492 alia
367 432 479 509 poteris
500 434 614 491 ratione
634 438 788 528 parentem

68 516 188 576 ilectere
212 515 273 594 (sed
294 516 420 595 poteris:
444 515 513 612 quid
536 517 613 575 euim
637 533 697 575 non
718 516 805 574 unica
825 513 956 594 possint),

68 607 130 660 tum
151 601 248 679 potius
271 606 368 659 ιιιιιιιι
389 599 459 668 ista,
481 599 530 678 pio
553 617 619 659 cum
641 600 706 658 iure
727 597 835 668 licebit,
1027 605 1079 658 ³35

68 701 135 744 cum
157 683 228 743 iacti
250 700 367 743 causam
389 689 563 760 tempusque
585 682 695 743 doloris
716 681 845 752 habebis,

68 775 129 828 tum
151 768 249 845 potius
271 772 375 826 conata
397 772 445 824 tna
468 773 555 844 atque
576 767 693 844 incepta
714 765 841 834 rcierto;

68 868 173 928 meque
196 849 324 928 deosque
347 847 400 908 tibi
422 851 557 919 comites,
580 868 647 910 mea
669 848 800 919 alumna,
823 850 937 911 iuturus

68 932 227 1011 polliceor:
250 932 324 994 uilril
346 941 403 1002 est,
426 933 504 1011 quod
525 935 620 993 texuis
642 932 759 1003 ordine,
782 931 926 1012 longum’

110 1017 162 1078 llis
184 1017 235 1078 ubi
257 1016 397 1078 sollicitos
420 1018 509 1077 animi
531 1017 710 1077 relevaverat
731 1024 828 1078 aestus

69 1100 186 1162 vocibus
209 1108 237 1161 ct
259 1100 365 1161 blanda
387 1109 490 1178 pectus
511 1119 564 1180 spe
585 1099 696 1161 luserat
717 1118 848 1180 aegrum,

67 1184 207 1262 paulatim
231 1184 425 1244 tremebunda
449 1187 532 1262 genis
554 1184 703 1245 obducere
724 1194 832 1246 vestem

67 1269 188 1345 virginis
210 1275 240 1326 ct
261 1265 406 1344 placidam
429 1268 559 1350 tenebris
581 1276 699 1348 captare
722 1271 851 1348 quietem

66 1350 183 1409 inverso
205 1348 339 1410 bibulum
361 1352 548 1428 restinguens
569 1351 669 1411 lumen
692 1350 767 1412 olivo

66 1433 169 1512 incipit
191 1432 227 1492 ad
249 1431 457 1509 crebrosque
449 1435 546 1492 insani
566 1436 695 1512 pectoris
716 1435 791 1495 ictus

68 1515 146 1575 ierre
168 1533 302 1584 manum,
326 1513 454 1575 adsiduis
475 1515 608 1576 mulcens
629 1518 802 1594 praecordia
824 1518 938 1597 palmis.

68 1606 184 1659 noctem
206 1598 286 1658 illam
308 1600 351 1656 sic
372 1605 483 1658 maesta
506 1616 595 1677 super
619 1601 774 1660 morientis
796 1600 931 1662 alumnae

67 1681 220 1760 frigidulos
242 1681 340 1742 cubito
363 1680 487 1741 subnixa
508 1682 649 1762 pependit
670 1682 788 1744 ocellos.

66 1776 184 1845 postera
206 1766 255 1826 lux
276 1765 327 1825 ubi
349 1764 422 1824 laeta
446 1765 522 1825 diem
546 1764 719 1826 mortalibus
741 1767 850 1829 almum

67 1860 97 1910 et
118 1850 213 1928 gelida
235 1851 400 1910 venientem
423 1850 521 1927 ignem
544 1849 692 1929 quatiebat
713 1851 749 1911 ab
773 1853 854 1924 Oeta,

66 1953 154 2013 quem
177 1934 297 2013 pavidae
319 1933 439 1993 alternis
462 1934 586 2013 fugitant
608 1941 766 2014 optantque
788 1937 903 2019 puellae

67 2018 251 2098 (Hesperium
272 2019 376 2086 vitant,
401 2027 503 2096 optant
524 2019 679 2080 ardescere
701 2020 815 2102 Eoum),

65 2104 231 2182 praeceptis
252 2110 336 2180 paret
358 2103 439 2180 virgo
462 2105 584 2163 nutricis
606 2111 636 2163 et
657 2123 760 2165 omncs

66 2188 194 2267 undique
217 2188 365 2265 conquirit
386 2187 516 2247 nubendi
538 2186 639 2248 sedula
662 2206 772 2250 causas.

66 2279 246 2350 temptantur
267 2271 378 2348 patriae
401 2270 553 2332 submissis
574 2270 693 2331 vocibus
715 2289 808 2342 aures,

64 2351 278 2432 laudenturque
300 2351 395 2412 bonae
417 2355 498 2431 pacis
518 2352 611 2414 hona:
634 2352 742 2414 multus
763 2356 881 2432 ineptae

66 2437 186 2514 virginis
207 2434 325 2494 insolito
347 2452 444 2494 sermo
468 2453 559 2495 novus
581 2443 660 2494 errat
680 2437 712 2494 in
734 2455 795 2497 ore.

67 2536 145 2579 nuuc
166 2527 295 2577 tremere
315 2518 451 2577 instantis
473 2515 542 2576 belli
564 2519 723 2579 certamina
746 2518 817 2579 dicit

66 2617 310 2678 communemque
331 2601 436 2658 timere
459 2599 561 2668 deum,
584 2617 664 2659 nunc
685 2602 763 2679 regis
786 2603 896 2672 amicis,

66 2688 181 2764 iamque
202 2685 259 2762 ipsi
281 2683 372 2742 verita
394 2685 425 2743 a!
448 2702 479 2742 se
502 2682 604 2742 orbam
627 2682 677 2742 liet
698 2692 807 2745 maesta
829 2690 960 2764 parente,

66 2787 133 2828 cum
155 2768 222 2829 love
245 2784 416 2827 communes
438 2767 487 2845 qui
510 2764 583 2826 nolit
603 2765 714 2826 habere
736 2775 867 2847 nepotes.

66 2870 145 2912 nuuc
167 2853 254 2913 etiam
276 2850 400 2910 conficta
422 2850 489 2911 dolo
511 2849 663 2910 mendacia
685 2853 764 2930 turpi

65 2937 176 2997 invenit
198 2943 227 2996 ct
249 2936 345 2995 divom
368 2942 460 2995 terret
482 2934 639 2995 formidine
661 2937 753 3006 cives;

66 3037 144 3079 nuuc
167 3019 221 3081 alia
245 3038 281 3080 ex
303 3018 367 3079 aliis
389 3022 455 3096 (uec
478 3019 591 3099 desunt)
615 3021 712 3081 omina
735 3020 858 3101 quaerit.

66 3105 136 3179 quin
158 3106 245 3163 etiam
268 3111 364 3162 castos
385 3123 455 3166 ausa
477 3112 521 3165 cst
543 3122 734 3185 eorrumpere
755 3113 844 3175 rates,

67 3194 111 3254 ut,
134 3202 202 3244 cum
225 3203 309 3246 caesa
330 3187 380 3263 pio
403 3188 556 3248 cecidisset
576 3190 693 3248 victima
715 3189 805 3256 ierro,

67 3274 164 3326 essent
186 3269 235 3347 qui
258 3285 400 3345 generum
422 3271 519 3330 Minoa
541 3270 708 3330 auctoribus
731 3271 804 3329 extis

65 3351 187 3429 iungere
210 3358 239 3409 et
261 3352 401 3428 aucipites
423 3354 581 3413 suaderent
602 3351 706 3412 tollere
728 3369 850 3430 pugnas.

107 3435 276 3504 tenuem,
299 3433 397 3512 patula
420 3453 600 3514 componens
622 3433 734 3496 sulfura
755 3441 837 3500 testa.
