2400 3878
434 226 554 273 VERGII
593 223 717 272 AENEIS
733 225 770 270 11

102 384 176 443 mter
197 397 228 440 se
250 381 345 457 capita
365 390 393 440 et
414 379 547 457 manibus
570 378 627 435 iam
647 387 780 454 tangeret
799 380 909 455 aequis,

100 465 179 525 laeva
202 463 294 522 aciem
318 465 396 530 terri,
421 465 522 522 dextra
544 477 690 537 nervoque
709 458 855 537 papillam.

101 544 245 622 extemplo
266 542 318 604 teli
341 545 495 605 stridorem
515 537 660 619 atlrasque
678 544 808 602 sonantis

101 629 189 690 audiit
211 646 268 687 una
287 633 408 697 Arruns,
430 629 581 704 haesitque
602 628 632 685 in
652 642 777 703 corpore
797 627 916 686 serrum.

100 711 181 770 illurn
202 712 384 786 expirantem
406 713 477 779 socii
495 723 583 788 atque
604 716 733 768 extrema
755 716 919 785 gementem
1052 716 1103 770 885

100 793 179 853 obliti
198 796 299 869 ignoto
319 812 488 871 camporum
510 796 539 853 in
561 791 681 867 pulvere
698 792 819 860 lincunt,

100 869 170 953 Opis
188 876 224 935 ad
248 876 409 936 aetherium
429 878 524 955 pinnis
545 874 677 953 aufertur
700 874 864 952 Olympum.

143 959 240 1019 Prima
263 961 337 1035 iugit
358 961 473 1019 domina
493 961 597 1020 amissa
617 957 687 1017 levis
710 958 753 1015 ala
776 956 924 1022 Camillae:

99 1041 207 1101 turbati
231 1042 347 1117 fugiunt
366 1042 475 1110 Rutuli,
496 1043 568 1119 fugit
590 1058 658 1100 acer
677 1044 777 1100 Atinas

99 1124 270 1200 disiectique
293 1125 381 1184 duces
403 1124 582 1200 desolatique
603 1123 723 1200 manipli

98 1216 159 1266 tuta
178 1213 282 1284 petunt
302 1217 330 1266 et
352 1209 434 1284 equis
453 1213 545 1267 aversi
567 1207 603 1265 ad
626 1209 739 1266 moenia
757 1207 887 1266 tendunt.

98 1306 153 1349 nec
171 1292 327 1367 quisquam
350 1292 481 1350 instantis
500 1291 630 1349 Teucros
652 1289 800 1367 letumque
822 1289 940 1350 terentis

97 1382 260 1432 sustentare
283 1372 357 1431 valet
375 1374 439 1433 telis
457 1380 506 1432 aut
528 1373 630 1430 sistere
652 1381 762 1439 contra,

98 1455 149 1515 sed
171 1454 251 1514 laxos
276 1457 409 1524 referunt
430 1456 538 1515 umeris
559 1453 764 1529 languentibus
787 1472 881 1520 arcus,

98 1537 380 1614 quadrupedumque
402 1546 517 1613 putrem
539 1553 627 1597 cursu
646 1538 738 1612 quatit
757 1535 863 1612 ungula
884 1553 1026 1612 campum.
1051 1540 1104 1594 875

98 1618 217 1678 volvitur
239 1621 275 1679 ad
300 1637 401 1678 muros
419 1620 542 1695 caligine
563 1616 699 1679 turbidus
720 1627 782 1677 atra

96 1701 198 1779 pulvis,
218 1712 246 1762 et
268 1721 285 1761 e
309 1701 434 1780 speculis
455 1720 612 1779 percussae
634 1708 754 1777 pectora
776 1710 883 1760 matres

97 1785 256 1844 femineum
280 1784 437 1844 clamorem
459 1786 495 1844 ad
518 1785 589 1844 caeli
612 1783 708 1842 sidera
727 1782 840 1843 tollunt.

97 1868 147 1943 qui
167 1885 256 1926 cursu
282 1878 382 1946 portas
403 1870 491 1945 primi
512 1869 653 1944 inrupere
672 1869 806 1944 patentis,

96 1950 150 2006 hos
172 1951 287 2010 urimica
307 1969 395 2028 super
417 1953 507 2011 mixto
529 1952 637 2028 premit
660 1951 775 2025 agmine
796 1949 897 2016 turba:
1050 1954 1102 2006 880

97 2050 151 2090 uec
171 2034 308 2093 miseram
331 2034 472 2108 effugiunt
494 2044 628 2098 mortem.
650 2032 701 2091 sed
723 2033 821 2111 limine
845 2034 966 2110 inipso,

95 2115 249 2174 moenibus
269 2117 298 2175 in
321 2119 424 2192 patriis
445 2126 531 2194 atque
554 2121 630 2177 inter
651 2122 711 2187 tuta
730 2117 884 2174 domorum

98 2200 202 2256 confixi
220 2202 354 2276 expirant
373 2201 494 2258 animas.
525 2218 593 2277 pars
614 2195 749 2257 claudere
768 2206 881 2274 portas:

95 2297 149 2338 nec
168 2282 254 2340 sociis
275 2284 390 2357 aperire
412 2283 487 2340 viam
510 2300 564 2341 nec
587 2280 740 2339 moenibus
762 2281 869 2340 audent

95 2364 228 2438 accipere
251 2364 368 2428 orantis,
394 2368 545 2439 oriturque
568 2363 731 2419 miserrima
752 2362 857 2421 caedes
1049 2365 1099 2416 885

95 2444 307 2503 defendentum⁴
325 2446 414 2502 armis
433 2445 528 2503 aditus
550 2443 638 2517 inque
660 2460 740 2500 arma
763 2451 908 2503 ruentum.

95 2524 204 2584 exclusi
225 2531 292 2584 ante
314 2525 414 2584 oculos
437 2525 711 2599 lacrumantumque
733 2542 784 2583 ora
807 2534 960 2600 parentum

95 2624 162 2684 pars
183 2609 211 2666 in
235 2608 402 2685 praecipitis
428 2608 520 2665 fossas
543 2613 666 2678 urgente
689 2606 772 2665 ruina

96 2689 225 2759 volvitur,
250 2690 374 2750 inmissis
395 2707 464 2768 pars
485 2706 571 2749 caeca
591 2698 619 2746 et
641 2689 753 2747 concita
773 2689 862 2748 irenis

95 2774 196 2831 arietat
216 2775 246 2834 in
267 2782 367 2851 portas
389 2783 419 2834 et
441 2774 530 2833 duros
554 2769 637 2829 obice
660 2774 760 2850 postis.
983 2819 989 2830 .
1050 2779 1102 2832 880

94 2858 172 2933 ipsae
194 2858 231 2918 de
251 2858 342 2916 muris
364 2875 479 2919 summo
502 2856 661 2916 certamine
682 2864 790 2916 matres

94 2946 246 3020 (monstrat
269 2963 351 3003 amor
374 2960 459 3003 verus
481 2942 602 3020 patriae,
628 2950 658 3000 ut
682 2941 779 3000 videre
799 2939 955 3019 Camillam)

93 3027 150 3087 tela
172 3045 260 3090 manu
283 3029 412 3105 trepidae
433 3031 542 3088 iaciunt
563 3046 598 3089 ac
620 3025 729 3087 robore
751 3025 825 3084 duro

93 3110 238 3186 slipitibus
258 3111 368 3171 ferrum
391 3112 569 3192 sudibusque
593 3111 742 3170 imitantur
763 3107 874 3168 obustis

95 3195 267 3269 praecipites
291 3198 462 3271 primaeque
483 3198 558 3254 mori
581 3212 635 3270 pro
656 3191 810 3251 moenibus
830 3190 942 3249 ardent.
1048 3195 1100 3248 885

133 3275 248 3335 Interea
272 3276 405 3337 Turnum
426 3280 455 3335 in
475 3278 552 3336 silvis
574 3277 755 3334 saevissimus
775 3273 875 3348 implet

94 3359 268 3424 contiueat
289 3361 385 3420 iuveni
403 3362 549 3434 ingentem
573 3359 629 3428 lert
649 3359 724 3415 Acca
747 3353 917 3413 tumultum:

95 3437 201 3498 deletas
220 3440 391 3502 Volscorum
414 3443 499 3510 acies,
523 3440 663 3501 cecidisse
686 3435 841 3501 Camillam.
