2400 3878
129 163 190 228 298
474 175 614 225 vnnorm
630 175 755 224 annun
773 176 798 224 x

129 333 214 394 ludar
236 342 265 394 et
286 334 315 392 in
337 332 443 393 melius
465 340 522 400 tua,
547 333 596 410 qui
614 338 707 410 potes,
727 349 793 392 orsa
813 331 976 394 rellectas¹¹

128 418 202 478 haec
224 416 274 477 ubi
297 416 372 476 dicta
395 416 482 486 dedit,
506 414 586 476 caelo
610 432 641 476 se
661 417 796 495 protinus
816 417 875 477 alto

128 502 214 570 mlsit
238 518 328 579 agens
349 501 475 561 hiemem
498 498 598 559 nimbo
617 501 766 560 succincta
787 518 958 579 peramat,

128 584 305 664 Iliacamque
327 586 420 645 aciem
444 592 472 645 et
494 584 647 644 Laurentia
669 592 764 644 castra
787 586 897 662 petivit

128 676 189 730 tum
212 669 266 730 dea
289 668 368 730 nubo
390 686 458 729 cara
478 675 595 728 tenuem
618 669 681 728 sino
703 666 813 728 viribus
833 668 970 730 umbram

128 755 156 813 in
180 753 284 814 lactem
307 752 423 814 Aeneae
446 754 520 829 (risu
542 750 676 813 mirabile
693 755 868 832 monstrum)

129 837 281 898 llardaniis
303 846 388 897 ornat
409 835 474 898 tells
496 834 682 915 ohpeumquo
702 835 847 916 iubaeque

127 921 216 981 divini
235 919 388 981 adsimulat
409 921 520 998 eapitis,
544 920 594 980 dat
614 920 711 980 inania
734 920 831 992 verba,

127 1005 176 1065 dat
198 1005 261 1066 slna
282 1012 380 1065 mente
401 1021 507 1065 sonum
531 1020 708 1083 gressusque
731 1004 842 1082 effingit
864 1008 969 1075 euntia,

127 1097 222 1149 morte
240 1088 319 1149 obita
342 1087 436 1165 qualis
458 1088 535 1149 fama
556 1096 599 1148 est
621 1087 743 1149 volitare
766 1088 874 1166 figuras

127 1183 177 1234 aut
199 1191 273 1251 quae
295 1175 405 1251 sopitos
428 1171 571 1233 deludunt
592 1173 704 1232 somnia
727 1189 839 1236 seusus.

126 1264 155 1316 at
175 1259 285 1334 primas
307 1255 381 1317 laeta
403 1263 470 1317 ante
492 1258 569 1317 acies
592 1254 701 1317 exultat
721 1259 817 1335 imago

125 1341 281 1420 inritatque
300 1341 394 1401 virum
415 1339 481 1401 telis
500 1343 536 1401 et‘
550 1358 621 1420 voce
639 1339 763 1401 lacessit.

125 1425 211 1485 instat
230 1426 277 1486 eui
296 1424 412 1487 'liunus
433 1423 663 1503 stridentemque
683 1425 796 1486 ominus
819 1425 931 1485 hastam

126 1510 247 1570 conicit:
269 1507 318 1569 illa
339 1510 406 1570 dato
430 1511 515 1571 vertit
535 1510 655 1586 vestigia
675 1517 769 1588 tergo.

124 1601 188 1654 tum
208 1611 276 1654 vero
295 1595 414 1655 Aenean
434 1612 569 1655 aversum
590 1601 622 1654 ut
639 1593 745 1654 cedere
766 1593 882 1653 Turnus

125 1677 248 1738 credidit
269 1683 356 1756 atque
378 1679 476 1738 animo
500 1696 583 1756 spem
604 1677 739 1738 turbidus
759 1676 855 1738 hausit
877 1680 1001 1748 inanem,

125 1769 200 1839 ‘quo
220 1761 305 1839 lugia,
328 1761 445 1822 donea?
466 1762 610 1822 thalamos
632 1779 669 1821 ne
690 1761 792 1822 desere
812 1769 928 1840 pactos;

124 1845 179 1905 hac
201 1844 319 1905 dabitur
339 1844 441 1906 dextra
463 1844 549 1906 tellus
571 1847 701 1925 quaesita
721 1862 776 1923 per
798 1846 910 1916 undas,'

124 1926 191 1989 talla
213 1928 378 1990 vociferans
398 1930 531 2006 sequitur
553 1929 746 2005 strictumque
765 1939 900 1990 coruscat

124 2029 296 2074 mucronem
315 2030 371 2072 noo
395 2012 473 2072 lorre
495 2011 573 2072 videt
593 2029 646 2073 sua
668 2012 772 2090 gaudia
792 2021 902 2074 ventos.

124 2096 200 2157 lorte
220 2096 291 2157 ratis
314 2095 385 2158 celsi
408 2098 564 2157 coniuncta
586 2095 737 2173 orepldlne
759 2097 820 2157 saxi

124 2181 261 2259 expositis
283 2179 377 2242 stabat
398 2179 483 2242 scalis
502 2187 532 2241 et
552 2186 642 2259 ponte
663 2186 776 2258 parato,

124 2283 181 2346 qua
199 2284 251 2326 rex
271 2264 394 2326 Clusinis
415 2265 552 2326 advectus
575 2263 692 2325 Osinius
706 2265 784 2324 orts.

124 2351 182 2411 huc
201 2368 267 2411 sese
286 2349 399 2429 trepida
421 2349 538 2410 laneae
560 2348 697 2427 fugientis
719 2349 816 2427 imago

124 2435 232 2495 conicit
253 2435 282 2494 in
302 2433 444 2504 latebram
467 2451 523 2495 nec
544 2433 662 2494 'lurnus
683 2433 801 2512 segnior
822 2441 908 2494 mstat

124 2528 338 2599 exsuperatque
360 2536 460 2581 moras
481 2525 511 2580 et
532 2519 631 2599 pontis
653 2517 777 2580 transilit
795 2517 877 2580 altos.

124 2605 169 2664 vix
190 2621 311 2683 proram
333 2605 481 2683 attigerat:
504 2604 615 2683 rumpit
636 2601 772 2664 Saturnia
795 2603 895 2665 lunem

123 2687 309 2767 avolsamque
330 2691 408 2767 rapit
429 2688 559 2750 revoluta
580 2705 634 2766 per
656 2705 785 2766 aequora
804 2704 916 2749 navem.

121 2779 184 2833 tum
205 2772 275 2833 levis
297 2773 367 2835 haut
388 2773 464 2834 ultra
485 2771 613 2835 latebras
634 2773 693 2832 lam
715 2772 828 2852 quaerit
847 2773 953 2846 imago,

122 2856 174 2916 sed
193 2855 318 2916 sublime
336 2855 436 2916 volans
460 2856 531 2918 nubi
550 2875 582 2917 so
603 2855 753 2916 inmiscuit
773 2862 863 2916 atrae.

122 2937 202 2999 illum
225 2947 321 2999 autem
344 2940 457 3001 teneas
480 2939 631 3000 absentem
653 2939 682 2997 in
704 2939 816 3016 proelia
838 2944 946 3015 poscrt;

123 3021 206 3082 obvia
228 3020 319 3082 multa
336 3024 430 3083 virum
453 3022 576 3082 demittit
597 3038 723 3100 corpora
743 3021 844 3081 Morti:

123 3124 190 3167 oum
208 3105 341 3167 Turnum
363 3105 459 3166 medio
478 3106 590 3167 interea
612 3104 670 3165 lert
691 3122 820 3183 aequore
841 3104 939 3165 turbo.

123 3191 241 3270 respicit
263 3192 382 3269 ignarus
404 3207 506 3252 rerum
526 3191 718 3268 ingratusque
742 3188 841 3250 salutis

123 3282 152 3336 et
173 3275 296 3354 duplicis
319 3294 386 3337 cum
408 3293 479 3336 voce
500 3292 604 3335 manus
620 3273 657 3334 ad
678 3272 773 3333 sidera
795 3273 896 3334 tendit.

124 3361 324 3438 ‘omnipotens
346 3361 470 3438 genitor,
494 3367 594 3421 tanton
614 3376 661 3418 me
683 3357 805 3418 crimine
822 3358 940 3433 dignum

124 3443 230 3504 duxisti
253 3453 281 3504 et
301 3444 366 3505 talis
389 3442 503 3504 voluisti
525 3441 692 3523 expendere
713 3443 842 3519 poenas?
