2400 3878
142 211 183 271 64
434 219 575 266 VERGlLl
598 219 800 267 unoufflcou
820 221 861 268 111

143 377 290 436 intereunt
311 375 453 454 pecudes,
478 381 554 432 stant
576 373 750 433 circumfusa
773 376 885 451 pruinis

143 475 267 536 corpora
289 475 393 534 magna
416 457 520 525 boum,
544 457 733 535 consertoque
756 459 870 534 agmine
892 461 969 519 cervi

142 550 261 619 torpent
283 541 359 601 nrole
382 558 456 600 nova
479 548 507 599 et
528 540 648 599 summis
670 542 714 602 vix
739 541 877 602 cornibus
898 550 1005 603 extant.
1107 555 1162 611 370

143 627 198 686 bos
221 643 280 684 non
302 625 437 684 immissis
460 623 593 692 canibus,
616 641 675 682 non
699 624 828 685 cassibus
850 624 916 685 ullis

144 710 321 788 puniceaeve
344 710 452 784 agitant
474 708 593 784 pavidos
615 707 770 768 formidine
791 710 906 786 pinnae,

142 792 193 853 sed
210 794 317 852 trustra
340 793 505 869 oppositum
528 791 671 851 trudentis
692 798 811 869 pectore
834 801 962 854 montem

144 877 306 936 comminus
329 875 506 934 obtruncant
528 875 621 942 lerro,
645 876 830 953 graviterque
853 877 984 937 rudentis

144 960 282 1028 caedunt;
306 968 334 1018 et
356 975 461 1035 magno
485 958 552 1018 laeti
567 957 694 1018 clamore
716 968 876 1036 reportant.

142 1043 197 1120 ipsi
219 1044 249 1102 in
271 1042 393 1103 defossis
415 1040 562 1119 specubus
584 1060 687 1102 secura
710 1042 764 1102 sub
787 1042 844 1102 alta

143 1128 200 1186 otia
222 1133 313 1204 agunt
334 1135 427 1193 terra,
452 1133 648 1203 congestaque
669 1125 777 1186 robora
799 1135 932 1206 totasque

143 1209 296 1270 advolvere
318 1208 391 1268 locis
412 1208 507 1269 ulmos
529 1210 648 1287 ignique
669 1209 786 1270 dedere.

143 1292 191 1353 bic
213 1301 329 1353 noctem
352 1292 420 1352 ludo
444 1293 567 1360 ducunt,
592 1300 620 1352 et
642 1291 745 1369 pocula
768 1293 835 1353 laeti

142 1378 287 1438 fermento
309 1385 395 1454 atque
418 1376 507 1436 acidis
529 1376 677 1435 imitantur
698 1377 772 1436 vitea
795 1376 898 1437 sorbis.
1106 1392 1161 1447 38⁰

142 1460 207 1522 talis
229 1461 414 1539 liyperboreo
436 1469 547 1537 septem
570 1459 697 1520 subiecta
719 1462 806 1520 trioni

143 1562 215 1623 gens
237 1546 345 1604 ellrena
369 1545 462 1605 virum
484 1544 614 1621 Riphaeo
636 1545 768 1604 tunditur
790 1563 870 1612 euro,

143 1635 171 1687 ct
192 1628 339 1705 pecudum
362 1627 445 1688 lulvis
468 1627 579 1688 velatur
601 1646 725 1704 corpora
747 1629 841 1688 saetis.

185 1712 214 1771 Si
236 1711 287 1769 tibi
310 1711 439 1771 lanitium
463 1730 568 1778 curae,
591 1712 717 1787 primum
741 1729 844 1789 aspera
865 1711 933 1772 silva

142 1793 304 1871 lappaeque
325 1793 481 1870 tribulique
504 1794 613 1862 absint3
637 1795 706 1871 luge
728 1795 833 1870 pabula
856 1796 938 1856 laeta.
1104 1810 1159 1867 335

143 1879 338 1955 continuoque
361 1895 465 1954 greges
486 1876 559 1936 villis
579 1877 644 1954 lege
665 1877 801 1938 mollibus
817 1879 907 1938 albos.

142 1960 223 2021 illum
245 1969 358 2029 autem,
381 1962 511 2038 quamvis
533 1961 608 2021 aries
629 1962 666 2020 sit
687 1962 827 2022 candidus
848 1965 919 2042 ipse,

141 2046 224 2120 nigra
247 2044 348 2104 subest
374 2044 433 2104 udo
456 2051 566 2105 tantum
589 2046 636 2105 cui
657 2044 753 2123 lingua
777 2045 882 2122 palato,

141 2129 234 2197 reice,
258 2146 295 2188 ne
317 2126 438 2189 maculis
460 2129 585 2189 infuscet
606 2127 712 2190 vellera
734 2128 820 2206 pullis

141 2220 328 2282 nascentum,
350 2211 497 2290 plenoque
518 2212 606 2273 alium
629 2214 819 2289 circumspice
841 2232 953 2293 campo.
1102 2230 1157 2287 spo

141 2314 264 2356 munere
285 2297 328 2356 sic
351 2297 433 2357 niveo
456 2294 554 2365 lanae,
577 2299 601 2356 si
624 2297 745 2357 credere
768 2298 887 2375 dignum
910 2307 961 2362 est.

141 2380 200 2440 Pan
222 2379 295 2440 deus
317 2380 458 2440 Arcadiae
480 2389 593 2458 captam
612 2388 655 2450 te,
679 2381 774 2450 Luna,
798 2380 898 2441 lelellit

141 2464 170 2522 in
193 2481 313 2524 nemora
335 2463 391 2524 alta
413 2482 534 2532 vocans;
558 2483 611 2525 nee
633 2472 665 2524 tu
687 2472 840 2541 aspernata
862 2474 1021 2527 vocantem.

182 2548 219 2607 tt
241 2548 288 2608 cui
310 2547 391 2608 lactis
414 2566 511 2616 amor,
536 2550 657 2627 cytisum
679 2548 812 2626 lotosque
834 2549 994 2626 frequentis

140 2632 203 2709 ipse
224 2650 313 2692 manu
335 2632 482 2711 salsasque
497 2633 572 2693 serat
593 2631 783 2711 praesepibus
801 2632 917 2693 herbas
1101 2645 1158 2703 aea

140 2714 209 2775 hine
231 2724 259 2776 et
281 2726 377 2776 amant
399 2716 501 2777 lluvios
523 2717 632 2794 magis,
656 2723 684 2775 et
705 2717 798 2792 magis
819 2715 910 2776 ubera
934 2715 1066 2787 tendunt,

141 2805 170 2858 et
191 2797 257 2858 salis
280 2799 425 2859 occultum
448 2800 580 2859 referunt
601 2800 631 2857 in
653 2797 727 2858 lacte
749 2817 893 2877 saporem.

140 2881 222 2940 multi
245 2883 330 2942 etiam
353 2889 485 2941 excretos
507 2881 663 2959 probibent
684 2899 700 2940 a
723 2883 864 2943 matribus
886 2884 1004 2953 haedos,

140 2964 291 3042 primaque
314 2964 428 3024 ferratis
449 2966 613 3041 praefigunt
635 2983 685 3025 ora
710 2968 851 3044 capistris.

140 3047 218 3125 quud
240 3057 378 3125 surgente
400 3048 446 3108 die
467 3047 595 3109 mulsere
616 3048 755 3127 horisque
776 3052 896 3121 diurnis,
1101 3066 1157 3120 tw

139 3139 225 3191 nocte
247 3140 397 3209 premunt;
422 3132 498 3210 quod
522 3136 578 3192 iam
600 3133 730 3194 tenebris
752 3143 782 3194 et
802 3134 864 3195 sole
886 3136 1015 3204 cadente,

139 3214 194 3273 sub
217 3214 311 3275 lucem
334 3223 490 3294 exportans
513 3217 632 3277 calathis
654 3217 713 3278 adit
735 3218 840 3296 oppida
862 3227 976 3297 pastor:

140 3304 189 3358 aut
210 3317 300 3374 parco
323 3299 382 3360 sale
405 3302 575 3378 contingunt
596 3301 742 3380 hiemique
763 3309 920 3380 reponunt.

181 3380 241 3442 Nec
263 3382 314 3442 tibi
337 3403 407 3444 cura
429 3403 534 3446 canum
556 3385 643 3446 luerit
664 3393 828 3463 postrema,
851 3385 901 3447 sed
915 3405 974 3448 une

139 3465 245 3526 velocis
267 3466 389 3543 Spartae
412 3466 522 3528 catulos
544 3486 701 3547 acremque
722 3469 881 3531 Molossum
1099 3484 1154 3539 tua
