2400 3878
93 184 134 247 28
395 199 539 246 ruamur
562 198 763 248 anonercou
786 203 797 248 1

93 350 187 412 laetus
209 369 296 429 ager;
319 352 399 412 nullo
423 360 534 414 tantum
556 372 588 415 se
608 353 698 432 Mysia
721 352 800 414 cultu

93 436 180 495 iactat
203 442 231 494 et
253 437 314 514 ipsa
338 455 406 497 snas
428 439 571 511 mirentur
593 437 723 515 Gargara
745 437 880 518 messes]

93 518 165 596 quid
188 518 298 589 dicam,
322 522 397 579 iacto
420 522 469 601 qui
491 523 601 581 semine
624 522 786 580 comminus
809 540 877 581 arva

93 603 258 679 insequitur
296 603 486 683 cumulosque
508 607 567 665 ruit
588 605 663 665 male
685 606 801 683 pinguis
823 606 959 675 harenae,
1058 618 1113 672 10⁵

100 685 205 747 deiude
228 689 296 747 satis
318 688 436 747 llurium
458 688 569 748 inducit
588 690 724 767 rivosque
746 690 894 767 sequentis

93 776 137 841 at,
162 789 228 830 cum
252 778 371 832 exustus
394 790 464 849 ager
486 772 679 833 morientibus
702 780 815 833 aestuat
836 772 945 842 herbis,

93 872 165 914 ecce
187 853 342 932 supercilio
366 853 465 915 clivosi
486 858 610 916 tramitis
632 857 741 917 undam

93 935 191 998 eliciti
213 937 261 998 illa
284 938 391 998 cadens
414 957 536 1000 rancum
558 958 612 1018 per
633 940 705 1001 levia
728 957 863 999 murmur

93 1039 163 1081 saxa
187 1023 257 1091 ciet,
281 1022 481 1102 scatebrisque
503 1026 614 1084 arentia
637 1030 780 1102 temperat
802 1041 879 1084 arva.
1059 1038 1112 1089 110

93 1105 163 1183 quid
187 1106 249 1182 qui,
272 1122 310 1165 ne
332 1107 457 1183 gravidis
479 1107 654 1184 procumbat
676 1106 790 1168 culmus
812 1108 917 1177 aristis,

93 1187 240 1249 luxuriem
262 1197 394 1266 segetum
418 1197 517 1251 tenera
542 1192 671 1269 depascit
691 1193 721 1250 in
743 1190 845 1258 herba,

95 1290 162 1333 cum
185 1274 311 1349 primum
334 1273 430 1333 sulcos
453 1281 578 1352 aequant
599 1281 675 1344 sata,
700 1276 807 1352 quique
829 1273 942 1352 paludis

95 1355 259 1416 conlectum
281 1375 414 1417 umorem
437 1357 537 1418 bibula
560 1358 677 1419 deducit
698 1358 826 1418 harena?

95 1441 268 1517 praesertim
291 1442 410 1501 incertis
432 1443 456 1501 si
478 1441 628 1502 mensibus
650 1443 743 1502 amnis
765 1441 917 1502 abundans
1056 1453 1110 1506 115

96 1524 154 1584 exit
175 1531 204 1583 et
226 1524 352 1584 obducto
375 1524 432 1585 late
455 1532 534 1586 tenet
556 1527 652 1586 omnia
674 1526 752 1596 limo,

96 1607 173 1666 unde
196 1625 282 1667 cavae
303 1609 401 1686 tepido
424 1610 530 1670 sudant
551 1628 654 1671 unmre
676 1610 806 1669 lacunae.

136 1690 197 1749 Nee
212 1698 325 1757 tamen,
346 1692 419 1751 haec
438 1711 505 1751 cum
523 1694 581 1751 sint
599 1693 807 1769 hominumque
826 1689 973 1767 boumque
989 1690 1109 1753 labores

93 1773 236 1832 versando
259 1780 368 1832 terram
391 1775 518 1850 experti,
541 1774 612 1832 nihil
634 1772 776 1850 inprobus
797 1789 883 1831 anser

95 1855 335 1933 Strymoniaeque
358 1873 447 1933 grues
469 1863 498 1916 et
519 1858 625 1916 amaris
646 1855 737 1916 intiba
759 1853 840 1914 fibris
1055 1869 1108 1921 120

94 1939 226 1998 officiunt
247 1945 297 1997 aut
318 1938 424 1999 umbra
446 1946 541 2000 nocet.
579 1946 663 2017 pater
685 1939 747 2014 ipse
769 1937 883 1998 colendi

94 2021 166 2080 haut
187 2020 301 2081 lacilem
325 2040 388 2082 esse
410 2024 485 2082 riam
506 2021 609 2090 voluit,
632 2023 803 2101 primusque
825 2040 878 2099 per
900 2029 993 2083 artem

94 2105 183 2164 movit
204 2121 291 2181 agros
313 2107 391 2165 curis
413 2124 521 2167 acuens
543 2105 675 2166 mortalia
698 2106 797 2174 corda,

94 2205 148 2248 nec
170 2194 288 2266 torpere
311 2190 391 2265 gravi
412 2207 516 2266 passus
538 2207 590 2250 sua
611 2207 702 2267 regna
725 2197 853 2249 veterno.

94 2278 161 2331 ante
183 2271 280 2332 lovem
302 2271 374 2331 nulli
395 2272 570 2350 subigebant
591 2291 658 2333 arva
681 2271 791 2341 coloni;

94 2373 132 2415 ne
154 2354 269 2432 signare
292 2355 410 2433 quidem
433 2363 482 2415 aut
504 2357 606 2434 partiri
628 2355 718 2417 limite
741 2373 876 2433 campum

94 2438 137 2498 ias
159 2446 236 2498 erat:
265 2439 295 2498 in
317 2439 446 2499 medium
469 2440 663 2518 quaerebant,
686 2441 807 2518 ipsaque
830 2436 916 2498 tellus

95 2523 190 2581 omnia
212 2521 333 2582 liberius
355 2522 434 2584 nullo
456 2531 596 2602 poscente
618 2523 739 2585 lerebat.

95 2606 141 2666 ille
164 2605 273 2665 malum
295 2608 374 2667 virus
396 2608 581 2685 serpentibus
604 2609 714 2669 addidit
735 2608 805 2667 atris

94 2689 394 2768 praedarique-lupos
415 2691 498 2751 iussit
518 2698 699 2770 pontumque
720 2693 831 2750 moveri
1056 2701 1106 2753 130

94 2771 238 2850 mellaque
261 2773 389 2833 decussit
410 2773 486 2832 foliis
524 2776 679 2850 ignemque
701 2773 832 2840 removit,

55 2926 60 2933 „
94 2863 123 2915 et
144 2857 253 2932 passim
275 2857 343 2914 rivis
365 2856 512 2915 currentia
535 2857 599 2915 vina
621 2857 771 2929 repressit,

93 2944 126 2998 ut
146 2939 241 2997 varias
263 2955 334 2997 usus
356 2937 522 2997 meditando
545 2937 718 2997 extunderet
739 2943 817 2996 artes

94 3020 234 3099 paulatim
257 3026 285 3080 et
305 3019 394 3080 sulcis
415 3021 555 3079 frumenti
577 3025 731 3098 quaereret
752 3019 884 3080 herbam.

97 3104 144 3184 [ut
165 3103 253 3164 silicis
275 3104 356 3163 venis
378 3102 545 3163 abstrusum
568 3103 726 3163 excuderet
747 3102 869 3184 ignem]
1050 3111 1102 3168 135

94 3194 164 3248 tune
186 3186 267 3247 alnos
288 3190 416 3264 primum
439 3186 518 3246 lluvii
540 3204 661 3247 sensere
683 3194 811 3256 cavatas;

94 3272 188 3330 navita
210 3279 273 3330 tum
295 3270 385 3331 stellis
406 3287 546 3330 numeros
568 3278 597 3330 et
617 3270 735 3330 nomina
759 3271 824 3332 fecit

94 3353 236 3431 pleiadas,
259 3354 382 3433 hyadas,
406 3354 574 3432 claramque
597 3355 737 3433 Lycaonis
760 3362 876 3422 arcton;

94 3445 156 3497 tum
178 3437 288 3516 laqueis
311 3446 429 3516 captare
451 3438 528 3497 ieras
551 3444 579 3497 et
600 3437 702 3498 tallere
723 3439 801 3499 visco
