2400 3878
135 219 193 282 tlt
465 225 607 274 vnnomr
629 225 754 274 annuis
778 226 817 273 111

133 388 268 450 audimus
289 385 376 461 longe
398 383 562 460 tractasque
584 381 621 440 ad
643 379 726 439 litora
749 398 851 450 voces,

133 470 320 547 exultantque
341 467 412 527 vada
434 476 520 545 atque
543 475 625 525 aestu
643 465 802 526 miscentur
825 465 961 526 harenae.

133 564 161 617 et
181 563 264 632 pater
287 551 427 612 Anchises
450 550 604 611 ‘nimirum
625 548 698 608 lraec
715 547 762 608 illa
781 547 954 628 Charybdim

133 638 187 697 bos
208 635 335 697 Helenus
353 633 503 713 scopulos.
529 633 602 693 baec
624 650 691 691 saxa
712 632 858 693 horrenda
881 631 1013 694 canebat.

133 722 249 801 eripite,
273 739 290 778 o
311 719 395 789 socii,
415 721 583 796 pariterque
604 717 745 794 insurgite
764 714 878 777 remis.'

133 805 203 865 haut
223 804 318 864 minus
339 820 374 863 ac
394 803 464 863 iussi
486 801 608 869 iaciunt,
633 802 802 879 primusque
823 800 977 861 rudentem

133 889 274 949 contorsit
289 886 385 947 laevas
407 903 526 964 proram
547 883 703 945 Palinurus
724 884 760 944 ad
778 884 886 945 undas:

134 970 245 1032 laevam
267 981 371 1031 cuncta
394 970 500 1030 cohors
522 969 610 1029 remis
631 969 781 1048 ventisque
803 969 911 1047 petivit.

133 1054 263 1115 tollimur
283 1055 313 1113 iu
337 1053 448 1114 caelum
472 1060 590 1113 curvato
613 1053 741 1130 gurgite,
765 1060 792 1112 ct
815 1053 892 1112 idem

134 1137 277 1198 subducta
300 1137 335 1197 ad
358 1139 450 1197 manis
472 1138 545 1196 imos
566 1136 731 1196 desedimus
753 1136 840 1196 unda.

134 1231 178 1282 ter
200 1220 312 1298 scopuli
333 1219 490 1281 clamorem
510 1221 585 1280 inter
607 1237 674 1280 cava
698 1237 767 1280 saxa
790 1219 912 1288 dedere,

135 1313 179 1365 ter
202 1323 335 1382 spumam
358 1303 457 1364 elisam
479 1311 508 1364 et
528 1304 657 1364 rorantia
679 1304 802 1364 vidimus
820 1311 906 1364 astra.

135 1391 245 1449 interea
269 1389 360 1449 sessos
382 1396 484 1448 ventus
506 1406 571 1448 cum
594 1388 655 1447 sole
677 1386 807 1466 reliquit,

135 1474 288 1551 ignarique
307 1474 369 1533 viae
391 1471 548 1551 Cyclopum
569 1471 731 1532 adlabimur
752 1473 821 1531 oris.

177 1556 282 1617 l‘ortus
304 1556 341 1617 ab
362 1574 480 1617 accessu
503 1565 657 1615 ventorum
677 1556 814 1615 immotus
836 1563 864 1616 et
886 1555 990 1632 ingens

135 1641 208 1718 ipse,
234 1642 284 1701 sed
307 1640 450 1700 lrorriliois
473 1641 550 1700 iuxta
572 1648 653 1699 tonat
674 1639 765 1699 Aetna
787 1639 894 1707 ruinis,

135 1724 342 1802 interdumque
364 1733 456 1783 atram
476 1724 640 1800 prorumpit
663 1723 698 1783 ad
721 1723 840 1783 aethera
862 1720 971 1783 nubem

135 1808 253 1868 turbine
273 1807 432 1868 fumantem
454 1809 536 1884 picco
557 1814 586 1867 et
608 1807 751 1867 candente
772 1805 866 1867 lavilla

136 1891 295 1970 attollitque
318 1890 420 1966 globos
442 1890 624 1952 tlammarum
648 1899 675 1951 et
696 1892 791 1952 sidera
813 1889 928 1959 lambit,

136 1976 283 2035 interdum
304 1974 440 2052 scopulos
463 1975 617 2054 avolsaque
640 1977 751 2036 viscera
773 1975 879 2035 montis

137 2061 222 2136 erigit
242 2067 377 2120 eructans
398 2056 611 2138 liquefactaque
632 2078 700 2120 saxa
721 2059 776 2120 sub
798 2076 884 2120 auras

138 2162 202 2204 cnm
224 2146 334 2219 gemitu
357 2142 498 2221 glomerat
519 2142 667 2222 lucidoque
690 2151 837 2204 exaestuat
856 2144 925 2203 imo.

137 2227 211 2287 lama
233 2236 275 2287 est
296 2227 433 2288 Enceladi
456 2236 615 2288 semustum
634 2227 754 2289 lnlnrine
776 2245 883 2307 corpus

136 2313 235 2387 urgeri
256 2311 332 2371 mole
354 2312 428 2378 hac,
452 2313 656 2390 ingentemque
674 2314 793 2390 insuper
815 2312 936 2374 Aetnam

135 2395 300 2474 impositam
323 2399 417 2472 ruptis
438 2395 585 2456 llammam
606 2399 741 2474 expirare
764 2397 896 2467 caminis,

136 2489 165 2539 et
185 2478 293 2540 fessum
316 2482 450 2557 quotiens
469 2488 560 2541 mutet
583 2481 671 2549 latus,
694 2482 851 2541 intremere
873 2495 989 2542 omnem

136 2580 287 2624 murmure
306 2563 488 2625 Trinacriam
511 2573 539 2625 et
558 2566 670 2626 caelum
690 2564 847 2625 subtexere
868 2565 959 2625 sumo.

136 2733 324 2809 perierimus.
347 2750 402 2793 nec
424 2751 499 2811 quae
520 2736 645 2793 sonitum
669 2733 717 2793 det
737 2750 823 2793 cansa
843 2731 984 2793 videmus.

136 2832 203 2873 nam
224 2834 319 2892 neque
342 2826 425 2876 erant
447 2825 593 2876 astrorum
616 2819 697 2893 ignes
714 2834 769 2877 nec
790 2815 904 2877 lucidus
925 2814 1029 2877 aethra
1110 2829 1166 2887 ως

136 2898 250 2958 siderea
268 2898 370 2976 polus,
394 2899 520 2960 obscuro
543 2899 593 2959 sed
607 2899 705 2960 nubila
726 2900 821 2971 caelo,

137 2988 165 3040 et
182 2981 282 3041 lunam
305 2983 333 3041 in
356 2982 456 3042 nimbo
480 3001 538 3042 nox
557 2985 729 3061 intempesta
752 2983 878 3045 tenebat.

178 3065 297 3124 Postera
319 3067 434 3145 iamque
455 3067 515 3126 dies
534 3069 629 3144 primo
651 3068 790 3147 surgebat
812 3085 880 3136 eoo,

135 3158 343 3225 umentemque
361 3151 474 3211 Aurora
494 3150 561 3228 polo
583 3152 743 3214 dimoverat
763 3153 914 3213 umbram:

136 3249 204 3291 cum
226 3231 321 3292 subito
344 3253 360 3295 e
382 3234 461 3294 silvis
481 3237 574 3296 macie
597 3237 727 3297 conlecta
745 3254 882 3315 suprema

136 3315 226 3391 ignoti
249 3335 322 3377 nova
342 3319 435 3379 torma
455 3321 509 3382 viri
530 3321 752 3400 miserandaque
774 3320 854 3381 cultu

135 3401 268 3475 procedit
287 3403 467 3482 supplexque
489 3422 591 3465 manus
612 3405 649 3466 ad
669 3404 753 3465 litora
776 3405 877 3465 tendit.

137 3486 323 3562 respicimus:
352 3487 414 3547 dira
434 3488 554 3549 inluvies
576 3490 752 3568 inmissaque
775 3488 881 3556 barba,
