2400 3878
355 230 498 277 vacnum
521 228 722 277 enonotcort
744 230 769 274 11

67 384 134 445 inde
156 384 205 443 ubi
228 385 284 443 iam
306 382 406 443 validis
428 382 577 459 amplexae
599 381 738 458 stirpibus
760 381 854 442 ulmos

67 468 203 535 exierint,
226 473 289 525 turn
310 468 420 542 stringe
442 484 552 534 comas,
575 472 637 526 tum
659 464 795 524 bracchia
818 465 907 526 tonde

69 551 144 629 (ante
167 548 357 609 reformidant
379 549 509 628 ferrum),
531 556 593 608 tum
617 549 741 625 denique
763 547 836 607 dura

68 650 173 693 exerce
195 634 316 709 imperia
339 640 368 691 et
388 650 485 692 ramos
507 649 660 708 compesce
682 630 807 690 liuentis.

109 715 264 775 Texendae
286 732 389 791 saepes
410 716 496 775 etiam
518 723 547 775 et
567 731 658 792 pecus
679 731 765 772 omne
787 714 955 783 tenendum,

67 799 224 877 praecipue
246 798 315 858 dum
338 799 419 857 srons
440 805 541 858 tenera
562 797 781 875 inprudensque
802 794 952 865 laborum;

64 889 80 925 ⁸
101 886 148 943 cui
164 901 254 961 snper
268 885 403 961 indignas
414 881 526 942 hiemes
547 880 696 959 solemque
718 886 865 957 potentem

67 967 91 1024 si
104 971 212 1025 vestros
233 967 279 1025 uri
301 965 420 1025 adsidue
442 983 622 1043 capreaeque
643 981 782 1042 sequaces

67 1047 210 1115 inludunt,
233 1056 393 1124 pascuntur
416 1066 482 1108 oves
504 1049 661 1127 avidaeque
683 1045 847 1125 iuvencae]

67 1130 177 1209 lrrgora
199 1148 253 1190 nec
276 1138 387 1190 tanturn
409 1149 480 1191 cana
503 1140 638 1193 concreta
659 1131 764 1207 pruina

68 1221 118 1275 aut
138 1216 234 1290 gravis
256 1213 428 1275 incumbens
450 1214 577 1293 scopulis
598 1213 749 1275 arentibus
770 1221 873 1280 aestas,

67 1304 207 1375 quantum
229 1295 269 1356 illi
290 1314 418 1358 nocuere
440 1315 544 1376 greges
566 1299 689 1377 durique
711 1314 855 1357 venenum

68 1379 162 1439 dentis
185 1379 271 1439 etad
293 1397 423 1440 morsum
445 1383 555 1456 signata
578 1383 607 1440 in
629 1382 718 1457 stirpe
741 1380 868 1440 cicatrix.

68 1479 127 1522 non
148 1460 233 1521 aliam
255 1461 293 1521 ob
316 1463 429 1539 culpam
447 1464 562 1523 Baccho
582 1481 669 1540 caper
684 1461 819 1521 omnibus
841 1463 899 1520 aris

69 1544 200 1605 caeditur
222 1552 250 1604 et
272 1551 385 1605 veteres
406 1547 506 1606 ineunt
527 1546 698 1622 proscaenia
719 1542 788 1613 ludi,

67 1629 255 1705 praemiaque
278 1629 407 1706 ingeniis
434 1646 526 1708 pagos
556 1638 584 1688 et
606 1629 729 1705 compita
752 1628 863 1686 circum

68 1710 212 1770 Thesidae
233 1728 372 1788 posuere,
395 1720 482 1790 atque
503 1715 577 1772 inter
599 1710 703 1788 pocula
724 1709 791 1770 laeti

68 1792 204 1854 mollibus
226 1795 255 1853 in
277 1797 367 1871 pratis
389 1803 492 1856 unctos
514 1794 628 1855 saluere
649 1811 702 1870 per
722 1800 811 1854 utres.

67 1895 122 1937 nec
144 1894 203 1935 non
224 1879 342 1938 Ausonii
363 1878 450 1939 Troia
472 1897 543 1957 gens
564 1879 651 1938 missa
674 1877 768 1937 coloni

67 1959 200 2020 versibus
222 1962 375 2038 incomptis
396 1962 500 2023 ludunt
519 1964 640 2039 risuque
659 1959 764 2029 soluto,

69 2060 179 2120 oraque
202 2044 358 2106 corticibus
380 2053 497 2107 sumunt
518 2044 664 2105 horrenda
687 2045 802 2111 cavatis,

69 2133 98 2186 et
119 2135 162 2194 te,
186 2126 314 2197 Bacche,
336 2135 441 2189 vocant
461 2147 515 2208 per
537 2129 664 2188 earmina
685 2126 775 2195 laeta,
798 2126 909 2205 tibique

70 2208 168 2269 oscilla
192 2228 226 2269 ex
249 2210 304 2270 alta
327 2213 508 2289 suspendunt
529 2209 625 2271 mollia
647 2211 726 2286 pinu.

70 2290 137 2351 hinc
159 2295 253 2352 omnis
273 2293 354 2371 largo
374 2295 507 2372 pubescit
528 2297 609 2354 vinea
631 2292 700 2362 fetu,

70 2374 252 2451 complentur
273 2375 419 2454 vallesque
441 2396 528 2438 cavae
549 2377 696 2454 saltusque
717 2374 855 2452 prosundi

71 2464 99 2518 et
121 2475 306 2535 quocumque
328 2459 400 2520 deus
423 2462 533 2520 circum
556 2466 642 2536 caput
663 2460 721 2535 egit
742 2458 906 2517 honestum.

72 2557 142 2617 ergo
163 2541 218 2599 rite
240 2558 325 2601 suum
347 2543 463 2601 llaccho
485 2543 614 2601 dicemus
635 2542 778 2599 honorem

72 2621 248 2681 carminibus
270 2624 384 2698 patriis
406 2622 563 2700 lancesque
585 2630 613 2682 et
633 2621 691 2681 liba
713 2622 850 2689 leremus,

72 2711 100 2765 et
123 2704 226 2765 ductus
249 2723 341 2766 cornu
363 2706 450 2766 stabit
470 2724 553 2766 sacer
574 2706 673 2765 hircus
694 2705 731 2764 ad
753 2723 842 2774 aram,
1022 2712 1073 2769 395

70 2788 246 2867 pinguiaque
267 2789 296 2848 in
318 2789 435 2850 veribus
456 2789 633 2849 torrebimus
655 2794 718 2848 exta
742 2786 876 2848 colurnis.

116 2870 167 2930 Est
188 2873 272 2931 etiam
295 2871 342 2933 ille
364 2871 448 2932 labor
470 2872 605 2934 curandis
625 2870 730 2932 vitibus
752 2870 832 2940 alter,

72 2956 119 3014 cui
141 2972 299 3033 numquam
322 2956 453 3016 exhausti
476 2957 545 3016 satis
566 2964 629 3016 est:
664 2973 790 3033 namque
813 2970 899 3016 omne
921 2955 1074 3030 quotannis

71 3043 175 3114 terque
198 3046 358 3116 quaterque
379 3039 472 3100 solum
494 3038 683 3099 scindendum
707 3038 867 3115 glaebaque
887 3037 979 3096 versis

72 3127 222 3180 aeternum
244 3120 404 3198 frangenda
426 3122 605 3192 bidentibus,
628 3140 713 3181 omne
735 3120 887 3181 levandum
969 3121 972 3125 ’
1022 3129 1074 3182 400

72 3202 176 3263 lronde
197 3221 309 3264 nemus.
344 3205 420 3265 redit
441 3204 574 3283 agricolis
595 3205 678 3265 labor
700 3212 782 3264 actus
803 3206 832 3264 in
854 3201 965 3271 orbem,

73 3292 159 3363 atque
180 3288 209 3344 in
231 3304 263 3346 se
284 3305 336 3348 sua
357 3305 411 3364 per
430 3290 547 3364 vestigia
568 3287 691 3347 volvitur
710 3304 812 3346 annus.

74 3384 108 3425 ac
129 3368 186 3426 iam
208 3366 291 3439 olim,
314 3387 394 3429 seras
415 3373 512 3447 posuit
533 3389 599 3430 cum
621 3371 703 3429 vinea
725 3368 853 3437 frondes,

73 3448 195 3526 [rigidus
217 3458 246 3512 et
266 3450 344 3512 silvis
366 3452 462 3527 aquilo
483 3452 609 3512 decussit
629 3452 780 3519 honorem,

141 3562 275 3608 κηποι,
294 3561 403 3599 maort.
883 3550 904 3608 4
