2400 3878
369 231 512 278 vunnim
533 229 736 280 GEORGIOON
760 231 785 279 11

69 396 270 468 proventuque
292 396 394 449 oneret
416 387 513 448 sulcos
536 395 623 467 atque
645 389 752 448 horrea
775 387 878 445 vincat.

68 474 146 534 venit
167 473 295 550 hiemps:
318 474 422 533 teritur
444 471 580 549 Sicyonia
602 472 675 532 baca
697 470 826 547 trapetis

69 555 174 634 glande
191 574 258 616 sues
278 556 344 616 laeti
366 556 504 633 redeunt,
528 555 600 614 dant
621 555 725 615 arbuta
749 551 851 620 silvam

69 647 98 700 et
120 640 214 700 varios
234 641 317 716 ponit
338 639 414 700 fetus
437 647 609 706 autumnus,
634 646 663 699 et
684 637 742 697 alte

70 723 146 783 mitis
167 724 197 782 in
219 723 326 800 apricis
348 723 481 801 coquitur
505 722 647 782 vindemia
671 723 756 781 saxis.

69 809 180 866 interea
202 804 302 866 dulces
324 807 453 884 pendent
476 807 586 865 circum
608 805 707 865 oscula
731 806 798 871 nati,

70 898 148 950 casta
170 891 338 967 pudicitiam
361 897 457 950 servat
479 891 596 957 domus,
621 889 713 949 ubera
736 905 840 947 vaccae

70 973 161 1034 lactea
182 973 351 1042 demittunt,
374 975 556 1052 pinguesque
578 975 608 1033 in
630 973 762 1049 gramine
788 971 861 1032 laeto

70 1059 145 1117 inter
167 1076 199 1117 se
221 1057 350 1118 adversis
370 1058 517 1118 luctantur
540 1056 679 1117 cornibus
701 1056 795 1116 haedi.

71 1142 132 1218 ipse
154 1141 216 1201 dies
237 1143 326 1219 agitat
348 1141 437 1201 festos
460 1140 600 1219 fususque
622 1159 675 1218 per
698 1138 830 1209 herbam,

71 1225 145 1301 ignis
167 1223 218 1284 ubi
239 1226 269 1284 in
291 1225 387 1285 medio
411 1232 440 1285 et
462 1226 533 1284 socii
556 1232 670 1285 cratera
694 1231 844 1292 coronant,

71 1314 100 1367 te
121 1307 231 1376 libans,
255 1308 383 1377 Lenaee,
409 1315 505 1378 vocat,
528 1309 701 1387 pecorisque
723 1309 870 1386 magistris

73 1389 179 1452 velocis
200 1390 286 1452 iaculi
308 1394 466 1453 certamina
488 1393 570 1469 ponit
591 1393 620 1451 in
643 1390 732 1460 ulmo,

74 1491 255 1553 corporaque
278 1477 384 1552 agresti
406 1475 517 1535 nudant
539 1475 682 1551 praedura
706 1475 876 1551 palaestrae.

72 1557 148 1618 hanc
171 1560 239 1620 oiim
261 1566 374 1619 veteres
396 1560 482 1618 vitam
505 1556 622 1617 coluere
645 1556 753 1626 Sabini,

74 1641 148 1704 hanc
171 1646 281 1705 Romus
303 1650 332 1702 et
353 1642 459 1711 irater,
482 1642 524 1700 sic
546 1641 629 1700 iortis
651 1640 767 1700 Etruria
790 1641 881 1700 crevit

73 1726 182 1789 scilicet
204 1736 232 1788 et
254 1745 354 1787 rerum
377 1726 451 1786 iacta
474 1731 518 1785 est
539 1723 736 1802 pulcherrima
759 1724 859 1792 Roma,

73 1821 244 1891 septemque
266 1828 324 1871 una
346 1810 400 1869 sibi
423 1828 507 1869 muro
530 1807 723 1868 circumdedit
744 1826 837 1869 arces.

73 1900 140 1957 ante
162 1898 249 1956 etiam
271 1901 419 1971 sceptrum
442 1893 551 1971 Dictaei
572 1892 651 1967 regis
674 1901 703 1951 et
723 1900 790 1952 ante

74 1982 160 2058 impia
183 1996 270 2057 quam
293 1978 384 2038 caesis
407 1994 478 2055 gens
501 1984 544 2036 est
567 1974 681 2053 epulata
704 1976 842 2045 iuvencis,

73 2082 181 2127 aureus
202 2063 278 2123 hanc
301 2062 386 2121 vitam
409 2063 439 2120 in
461 2061 547 2120 terris
569 2061 713 2120 Saturnus
735 2058 858 2135 agebat;

74 2149 200 2209 necdum
221 2147 308 2206 etiam
330 2145 481 2205 audierant
502 2143 597 2205 inflari
620 2143 755 2213 classica,
778 2144 905 2205 necdum

74 2232 225 2310 impositos
246 2230 327 2291 duris
349 2231 494 2306 crepitare
515 2227 670 2288 incudibus
693 2245 787 2287 enses.

117 2315 175 2376 Sed
197 2331 250 2373 nos
272 2315 446 2373 immensum
469 2313 569 2389 spatiis
591 2310 771 2371 confecimus
793 2326 913 2388 aequor,

75 2409 105 2460 ct
125 2400 183 2459 iam
204 2405 320 2473 tempus
343 2414 449 2474 equom
471 2395 610 2455 fumantia
633 2393 746 2454 solvere
769 2392 846 2454 collo*
