2400 3878
136 209 195 265 324
469 218 610 265 vnndlnt
628 218 750 267 hunnis
767 219 805 267 11

135 374 245 433 sulluso
267 371 414 432 revolutus
436 391 511 450 equo
534 373 603 432 duur
627 371 742 449 colligit,
765 372 837 433 alter

135 457 204 516 dum
226 455 303 516 subit
324 474 358 515 ac
380 455 511 515 dextram
532 454 641 515 labenti
663 457 754 517 tendit
775 458 927 526 inermem,

137 541 309 618 praecipites
331 541 499 618 pariterque
520 546 619 600 ruunt.
656 539 700 598 his
722 540 800 600 addit
821 542 987 600 Amastrum

137 624 328 700 llippotaden.
349 624 538 701 sequiturque
557 621 729 682 incumbens
751 624 863 684 eminus
883 623 965 683 hasta

135 706 287 783 Tereaque
303 705 553 784 Harpalycumque
570 715 598 765 et
613 707 834 784 Demophoonta
851 706 1062 785 Chrominque:
1090 712 1145 765 ort

136 797 265 867 quotque
286 791 389 849 emissa
411 807 499 849 manu
521 791 662 849 contorsit
683 789 793 867 spicula
815 792 906 867 virgo,

136 882 178 931 tot
197 873 313 950 Phrygii
335 872 468 933 cecidere
490 873 552 931 viri.
587 872 690 950 procul
712 871 839 953 Ornytus
861 876 950 934 armis

136 957 240 1034 ignotis
261 965 289 1016 et
311 975 386 1034 equo
407 965 527 1016 venator
550 957 654 1035 iapyge
675 958 786 1027 sertum·

138 1043 184 1098 cui
207 1038 288 1116 pellis
307 1039 380 1098 latos
402 1057 520 1100 umeros
541 1049 641 1116 erepta
664 1043 786 1100 iuvenco

137 1124 291 1201 pugnatori
313 1125 416 1199 operit,
438 1131 524 1200 caput
543 1124 645 1199 ingens
667 1124 726 1183 oris
748 1125 843 1184 hiatus

138 1216 166 1266 et
188 1205 281 1265 malae
303 1214 402 1266 texere
424 1206 483 1283 lupi
507 1224 572 1266 cum
593 1206 728 1266 dentibus
747 1207 830 1274 albis,

138 1291 317 1369 agrestisque
335 1308 438 1350 manus
459 1297 551 1350 armat
572 1308 689 1367 sparus:
712 1293 774 1368 ipse
794 1293 916 1352 catervis

138 1376 257 1433 vertitur
281 1375 309 1432 in
328 1374 430 1433 mediis
453 1382 482 1433 et
502 1381 562 1433 toto
583 1375 691 1434 vertice
713 1383 839 1453 suprast

139 1457 216 1516 hunc
236 1455 281 1515 illa
303 1465 456 1535 exceptum
478 1456 682 1537 (nequeenim
703 1456 787 1517 labor
809 1459 924 1534 agmine
948 1456 1041 1533 verso)

138 1541 233 1600 traicit
255 1549 284 1600 et
306 1559 394 1618 super
416 1541 489 1601 haec
512 1542 629 1600 inimico
651 1548 769 1617 pectore
791 1541 884 1601 latur:
1092 1544 1146 1597 tob

140 1623 232 1683 ‘silvis
252 1631 290 1689 te,
314 1624 474 1700 Tyrrheno,
499 1626 575 1685 ieras
599 1627 708 1700 agitare
729 1627 853 1703 putasti?

140 1708 254 1766 advenit
272 1709 321 1785 qui
344 1717 438 1767 vestra
457 1709 520 1767 dies
541 1707 733 1768 muliebribus
755 1711 843 1768 armis

140 1791 227 1848 verba
249 1790 442 1865 redarguerit.
477 1808 582 1849 nomen
602 1799 699 1851 tamen
722 1792 792 1851 haut
812 1791 874 1852 leve
895 1802 1010 1869 patrum

139 1873 273 1932 manibus
295 1873 350 1932 hoc
371 1873 491 1941 referes,
515 1873 573 1932 telo
595 1875 734 1934 cecidisse
757 1874 914 1935 Camillae!
1012 1912 1015 1916 »

140 1958 275 2034 protinus
295 1954 483 2029 Orsilochum
505 1965 534 2016 et
557 1956 659 2026 buten,
683 1958 740 2015 duo
763 1959 889 2016 maxima
911 1957 1057 2017 Teucrum
1093 1961 1149 2015 600

141 2056 274 2116 corpora,
296 2039 345 2098 sed
364 2040 457 2098 buten
478 2057 611 2098 aversum
634 2040 753 2116 cuspide
776 2041 836 2099 finit

140 2121 260 2181 loricam
283 2120 452 2199 galeamque
470 2124 556 2190 inter,
577 2140 632 2200 qua
656 2121 729 2182 colla
749 2124 875 2182 sedentis

140 2204 238 2264 lucent
256 2213 284 2264 et
303 2205 382 2264 laevo
405 2205 551 2282 dependet
571 2223 672 2282 parma
695 2204 813 2273 lacerto,

142 2287 326 2348 Orsilochum
351 2289 465 2364 lugiens
487 2307 682 2367 magnumque
704 2291 807 2366 agitato
830 2307 884 2368 per
907 2287 1008 2349 orbem

142 2371 231 2432 erudit
253 2390 324 2451 gyro
342 2373 462 2432 interior
485 2374 674 2452 sequiturque
697 2374 877 2452 sequentem,
1096 2378 1151 2431 ooo

142 2466 204 2515 tum
224 2456 346 2516 validam
369 2474 480 2534 perque
500 2475 581 2517 arma
603 2458 665 2516 viro
687 2475 799 2536 perque
820 2474 885 2516 ossa
908 2455 1033 2516 securim

142 2539 227 2600 altior
251 2556 396 2616 exurgens
416 2541 509 2600 oranti
531 2551 559 2600 et
579 2541 668 2601 multa
691 2543 822 2620 precanti

143 2626 342 2700 congeminat:
361 2623 463 2684 volnus
485 2624 579 2684 calido
601 2626 676 2702 rigat
697 2643 748 2687 ora
771 2623 904 2684 cerebro.
924 2661 927 2665 -

48 2686 245 2803 stncidit
265 2709 333 2768 hiric
355 2707 509 2787 subitoque
531 2716 650 2786 aspectu
674 2709 792 2769 territus
814 2707 906 2767 haesit

144 2791 390 2871 Appenninicolae
411 2790 534 2851 bellator
552 2791 628 2851 filius
648 2792 731 2859 Auni,
1097 2795 1154 2850 70⁰

145 2874 214 2932 haut
235 2875 375 2948 ligurum
397 2884 554 2944 extremus,
577 2877 647 2935 dum
666 2873 767 2935 fallere
787 2874 845 2934 iata
866 2873 1007 2934 sinebant

145 2958 227 3034 isque
249 2956 298 3016 ubi
319 2974 351 3016 se
373 2955 452 3016 nullo
474 2957 530 3015 iam
550 2974 638 3016 cursu
661 2957 783 3017 evadere
804 2974 920 3035 pugnae

146 3057 231 3116 posse
253 3056 349 3116 neque
370 3040 525 3098 instantem
547 3041 677 3115 reginam
700 3045 830 3099 avertere
853 3043 955 3107 cernit,

147 3122 266 3183 consilio
287 3138 405 3182 versare
425 3120 507 3181 dolos
526 3124 674 3198 ingressus
694 3130 723 3183 et
745 3130 810 3181 astu

146 3207 245 3284 incipit
267 3207 354 3268 haec:
376 3205 459 3283 ‘quid
483 3214 541 3265 tam
562 3207 721 3284 egregium,
740 3206 764 3264 si
786 3205 894 3266 femina
916 3208 984 3266 torti

147 3290 211 3349 lidis
234 3291 326 3368 equoi
348 3291 459 3350 dimitte
483 3290 580 3367 iugam
603 3297 632 3350 et
652 3296 681 3350 te
705 3291 866 3349 comminus
888 3306 982 3368 aequo

147 3392 262 3434 mecum
282 3374 367 3434 crede
390 3374 451 3433 solo
473 3389 646 3452 pugnaeque
668 3374 787 3450 accinge
802 3373 944 3450 pedestri:

149 3456 204 3517 iam
227 3476 338 3524 nosces,
360 3466 477 3518 ventosa
499 3458 572 3517 ierat
592 3460 639 3518 cui
659 3456 751 3533 gloria
772 3456 924 3518 fraudem!
