2400 3878
357 255 500 304 venenu
521 255 660 305 soncos
682 257 720 304 rx
1000 247 1037 308 21

160 410 194 468 L.
212 408 297 470 Certe
311 409 447 487 equidem
460 411 622 480 audieram,
646 430 702 490 qua
718 430 749 472 se
767 411 932 474 subducere
952 413 1042 475 colles

161 494 303 570 incipiunt
324 493 462 573 mollique
484 497 585 572 iugum
607 494 759 556 demittere
782 495 864 566 clivo,

159 577 305 655 usquead
322 596 426 655 aquam
444 585 472 639 et
485 585 598 639 veteres
615 579 673 638 iam
691 579 782 639 tracta
795 581 944 640 cacumina
958 580 1041 656 lagos

160 663 258 729 omnia
280 661 458 723 carminibus
480 669 609 723 vestrum
630 680 762 725 servasse
783 662 943 723 Menalcan.
1008 677 1042 728 10

161 746 204 805 M.
226 745 382 805 Audieras:
407 746 532 806 etfama
554 746 622 815 luit3
646 747 698 806 sed
721 749 850 807 carmina
873 753 986 807 tanturn

162 835 263 889 nostra
285 827 395 900 valent,
418 829 538 909 Lycida,
561 829 617 889 tela
638 831 714 890 inter
736 829 857 900 Martia,
880 840 1021 909 quantum

161 912 305 973 Chaonias
327 913 428 974 dicunt
450 912 544 991 aquila
567 914 700 974 veniente
722 914 882 975 columbas.

161 996 317 1076 quodnisi
339 1015 387 1057 me
409 1014 593 1076 quacumque
614 1015 705 1057 novas
727 998 857 1058 incidere
878 997 943 1057 lites

160 1087 227 1141 ante
249 1081 365 1141 sinistra
388 1100 457 1142 cava
478 1082 640 1142 monuisset
661 1081 698 1141 ab
721 1080 786 1142 ilice
808 1083 919 1151 cornix,
1007 1092 1039 1145 15

160 1183 215 1225 nec
237 1173 304 1225 tuus
326 1165 374 1224 bic
395 1166 503 1226 Moeris
524 1182 580 1225 nec
601 1165 710 1226 viveret
731 1166 794 1242 ipse
816 1164 971 1225 Menalcas

158 1250 192 1311 L.
200 1248 394 1318 lleu‚caditin
402 1267 578 1330 quemquam
586 1248 891 1318 tantumsceluslbeu,
900 1256 946 1308 tna
954 1247 1041 1308 nobis

160 1350 254 1410 paene
276 1331 361 1393 simul
382 1338 480 1394 tecum
502 1332 607 1393 solacia
629 1339 729 1410 rapta,
751 1332 900 1392 Menalca?

160 1418 225 1495 quis
240 1423 358 1475 caneret
371 1417 531 1495 nymphas?
547 1418 612 1492 quis
622 1416 745 1476 humum
761 1414 934 1475 florentibus
942 1413 1041 1474 herbis

161 1506 328 1575 spargeret,
351 1506 400 1558 aut
421 1499 505 1558 viridi
527 1497 621 1558 fontes
642 1498 795 1558 induceret
815 1497 939 1557 umbra?
1008 1507 1041 1560 20

161 1580 206 1643 vel
228 1600 303 1660 quae
325 1581 439 1658 sublegi
459 1583 564 1642 tacitus
586 1580 638 1641 tibi
660 1582 790 1640 carmina
811 1598 916 1657 nuper,

163 1684 230 1728 curn
252 1671 281 1726 te
303 1664 340 1726 ad
363 1665 480 1726 delicias
503 1665 597 1725 terres
619 1664 794 1742 Amaryllida
815 1671 947 1725 nostras:

160 1750 282 1828 ‘Tityre,
305 1749 375 1809 dum
396 1749 487 1809 redeo
510 1748 616 1828 (brevis
638 1756 682 1808 est
704 1748 757 1827 via)
780 1765 869 1826 pasce
891 1747 1027 1824 capellas,

161 1841 189 1894 et
210 1840 312 1911 potum
334 1840 433 1912 pastas
454 1850 523 1912 age,
546 1831 659 1910 Tityre,
683 1837 712 1892 et
732 1832 808 1892 inter
831 1831 977 1909 agendum

161 1935 430 1995 occursarecapro
453 1918 557 1996 (cornu
579 1915 646 1975 ierit
668 1914 731 1991 ille)
754 1913 873 1975 caveto!
1007 1925 1041 1978 25

159 2003 203 2062 M.
224 2002 318 2062 immo
332 2002 419 2071 haec,
437 2019 512 2079 quae
522 1999 599 2059 Varo
614 1999 742 2060 necdum
756 1999 887 2076 perlecta
903 1998 1040 2059 canebat:

164 2085 264 2156 ‘Vare,
287 2092 369 2147 tuurn
391 2102 512 2154 nornen,
536 2089 655 2161 superet
676 2083 764 2143 modo
786 2083 903 2142 Mantua
925 2081 1019 2151 nobis,

158 2169 275 2230 Mantua
297 2188 349 2229 vae
370 2171 495 2229 miserae
516 2169 637 2228 nimium
659 2168 751 2227 vicina
773 2166 943 2236 Cremonae,

159 2259 310 2314 cantantes
332 2252 456 2315 sublime
477 2252 573 2312 ferent
594 2251 630 2311 ad
652 2251 748 2311 sidera
770 2248 871 2329 cycni’

163 2338 196 2396 L.
221 2336 268 2397 Sic
289 2343 339 2397 tua
362 2336 489 2415 Cyrneas
510 2336 623 2412 fugiant
644 2335 775 2395 examina
797 2342 888 2403 taxos,
1008 2343 1043 2396 30

162 2421 204 2480 sic
226 2421 316 2499 cytiso
337 2427 438 2496 pastae
459 2418 625 2480 distendant
645 2418 738 2478 ubera
759 2435 879 2478 saccae:

160 2506 270 2580 incipe,
293 2504 387 2580 siquid
408 2503 509 2563 babes.
554 2509 582 2561 et
603 2518 650 2560 me
672 2502 769 2561 iecere
790 2506 907 2575 poetam

161 2585 307 2653 PierideS,
330 2592 398 2644 sunt
419 2592 448 2643 et
469 2583 540 2642 mihi
562 2583 705 2652 carmina,
734 2601 783 2642 me
805 2599 922 2660 quoque
943 2582 1043 2642 dicunt

162 2675 255 2728 vatem
277 2674 425 2744 pastores;
449 2666 581 2726 sednon
604 2681 658 2740 ego
680 2664 816 2726 credulus
839 2663 903 2723 illis.

161 2769 229 2812 nam
250 2768 346 2829 neque
368 2750 464 2811 adbuc
479 2748 564 2809 Vario
580 2748 680 2808 n'deor
701 2766 757 2810 nec
780 2749 879 2809 dicere
895 2747 985 2808 Cinna
1007 2759 1041 2813 35

160 2835 256 2911 digna,
280 2834 333 2896 sed
354 2841 475 2911 argutos
496 2834 572 2893 inter
594 2837 727 2909 strepere
750 2851 836 2894 anser
858 2831 965 2892 olores.

163 2920 206 2978 M.
219 2919 252 2979 ld
267 2919 384 2996 quidem
394 2936 449 2996 ago
462 2924 490 2977 et
498 2917 610 2986 tacitus,
618 2917 733 2996 Lycida,
742 2936 857 2978 mecum
865 2917 927 2993 ipse
935 2916 1042 2986 voluto,

160 3004 185 3062 si
207 3002 317 3063 valeam
339 3003 520 3069 meminisse;
548 3018 644 3079 neque
666 3008 709 3061 est
731 3001 859 3079 ignobile
881 3018 1009 3061 carmen.

161 3085 228 3147 ‘buc
244 3086 322 3155 ades,
346 3084 514 3153 oGalatea;
539 3084 603 3162 quis
625 3091 669 3144 est
690 3102 759 3145 uam
780 3086 867 3146 ludus
888 3085 918 3143 in
940 3084 1043 3145 undisl

159 3170 207 3229 bic
230 3187 280 3229 ver
303 3185 499 3246 purpureum,
522 3168 617 3226 varios
638 3169 686 3227 hic
708 3168 828 3228 ssumina
850 3169 961 3228 circum
1008 3180 1043 3229 4⁰

161 3253 255 3312 tundit
276 3253 383 3312 liumus
405 3251 508 3319 iloreS,
531 3251 579 3309 hic
601 3251 722 3310 candida
744 3250 870 3330 populus
892 3259 976 3311 antro

161 3336 307 3405 imminet,
331 3352 369 3396 en
390 3333 485 3395 lentae
508 3339 609 3393 texunt
630 3333 802 3395 umbracula
823 3335 911 3395 vites:

82 3492 85 3497 ¹
162 3418 220 3477 buc
242 3420 329 3486 ades;
352 3419 446 3478 insani
468 3417 574 3477 feriant
595 3418 658 3477 sine
678 3417 764 3478 litora
785 3417 911 3478 lluctus.’

163 3501 198 3559 L.
229 3499 320 3572 Quid,
344 3519 418 3579 quae
440 3507 470 3560 te
490 3517 565 3577 pura
587 3500 681 3562 solum
703 3501 758 3561 sub
781 3508 868 3562 nocte
890 3508 1042 3560 canentem
