2400 3878
366 215 510 263 vnndlm
533 215 733 264 eudaemon
755 217 768 262 1

61 372 212 429 inventum
235 375 262 429 et
284 387 405 447 magnos
427 368 549 430 canibus
572 371 755 430 circumdare
776 369 879 440 sutus:

63 459 149 530 atquc
171 451 243 511 alius
265 452 355 513 latum
377 454 466 514 lunda
488 455 546 513 iam
568 453 705 513 verberat
726 471 854 531 amnem,

62 535 120 595 alta
142 543 244 612 petens
268 533 342 596 alius
363 534 468 614 pelago
491 536 580 595 trahit
601 535 700 595 umida
721 535 797 618 lina;

63 625 124 678 tum
147 618 217 678 lerri
239 621 320 697 rigor
341 627 427 698 atque
449 627 570 697 argutae
590 619 728 679 lammina
750 638 863 699 serrae,

65 703 147 781 [nam
168 704 254 780 primi
276 703 377 762 cuneis
398 703 570 763 scindebant
590 703 678 763 fissile
692 703 826 799 lignum]

62 792 124 845 tum
146 786 243 846 variae
264 804 371 847 venere
391 793 478 847 artes.
514 786 599 846 labor
621 788 717 846 omnia
739 788 806 847 vicit

61 869 204 965 inprobus
228 876 258 929 et
246 871 361 930 tduris
383 888 491 948 urgens
512 871 543 929 in
514 851 696 930 rebus
678 860 855 948 6ξῖιῖῗὶἵῦ

60 954 155 1029 prima
178 953 266 1014 Ceres
285 953 365 1013 ferro
387 953 517 1013 mortalis
539 960 652 1014 vertere
674 960 784 1014 terram

61 1036 197 1105 instituit,
222 1056 288 1097 cum
309 1039 367 1097 iam
389 1037 509 1115 glandes
532 1045 618 1115 atque
640 1037 743 1098 arbuta
766 1055 867 1099 sacrae

62 1118 221 1180 delicerent
242 1120 330 1181 silvae
353 1126 382 1180 et
402 1122 510 1181 victum
532 1121 651 1180 Dodona
675 1129 805 1198 negaret.

61 1220 129 1262 mox
152 1210 180 1263 et
202 1204 356 1264 lrumentis
377 1203 462 1264 labor
483 1205 612 1274 additus,
635 1211 668 1264 nt
689 1205 764 1265 mala
788 1205 899 1266 culmos

62 1293 138 1346 esset
159 1286 279 1365 robigo,
302 1289 457 1367 segnisque
479 1289 615 1348 horreret
636 1290 666 1347 in
689 1291 764 1348 arvis

61 1369 203 1429 carduos:
226 1372 374 1431 intereunt
395 1379 521 1449 segetes,
545 1372 623 1432 subit
644 1390 748 1448 aspera
771 1372 849 1441 silva,

60 1452 223 1531 lappaeque
244 1453 414 1531 tribolique,
437 1455 572 1532 interque
593 1456 712 1514 nitentia
736 1456 812 1515 culta

60 1535 160 1595 infelix
183 1535 283 1596 lolium
307 1543 335 1597 et
356 1536 470 1608 steriles
492 1537 677 1596 dominantur
700 1556 816 1598 avenae.

61 1619 140 1697 quod
163 1620 218 1678 nisi
241 1627 269 1680 et
290 1619 417 1679 adsiduis
439 1619 561 1679 herbam
583 1620 765 1681 insectabere
787 1622 896 1690 rastris,

62 1711 91 1762 et
113 1704 210 1763 sonitu
232 1703 357 1763 terrebis
380 1720 459 1771 aveS,
485 1712 514 1763 et
534 1704 612 1763 ruris
635 1705 719 1780 opaci

61 1785 135 1846 lalce
155 1804 273 1864 premes
295 1785 429 1866 umbras,
452 1787 584 1865 votisque
607 1787 755 1847 vocaveris
777 1786 911 1856 imbrem,

60 1888 117 1930 neu
140 1887 279 1947 magnum
302 1869 421 1930 alterius
443 1870 551 1931 frustra
574 1872 719 1947 spectabis
742 1889 886 1939 acervom,

61 1971 259 2032 concussaque
282 1955 418 2015 lamam
410 1973 441 2013 ιιι
463 1954 540 2014 silvis
562 1953 695 2014 solabere
719 1972 839 2032 quercu.

101 2037 263 2098 Dicendum
287 2045 329 2107 et,
354 2057 428 2116 quae
450 2039 507 2096 sint
530 2037 610 2097 duris
633 2037 797 2129 agrestibus
819 2056 899 2099 arma

58 2120 124 2198 quis
145 2122 207 2181 sine
229 2139 285 2181 nec
306 2128 430 2199 potuere
452 2123 510 2181 seri
531 2139 586 2180 uec
608 2137 730 2198 surgere
752 2138 877 2182 messes:

60 2204 150 2263 vomis
172 2212 201 2264 et
223 2204 321 2264 inllexi
342 2208 472 2281 primum
495 2222 583 2282 grave
605 2204 698 2264 robur
721 2205 810 2264 aratri

59 2287 199 2366 tardaque
221 2288 375 2348 Eleusinae
397 2299 457 2348 mat
458 2290 498 2347 ris
520 2288 661 2348 volventia
683 2287 812 2365 plaustra

59 2370 224 2449 tribulaque
247 2372 422 2451 traheaeque
445 2381 474 2432 et
494 2374 593 2449 iniquo
615 2372 747 2448 pondere
770 2373 871 2440 rastri;

59 2455 156 2530 virgea
178 2462 394 2533 praetereae
356 2448 432 2514 utin
454 2455 575 2533 vilisque
598 2454 737 2531 supellex,

59 2535 198 2597 arbuteae
222 2544 317 2597 crates
340 2545 368 2597 et
389 2539 510 2614 mystica
532 2554 644 2596 vannus
666 2537 771 2595 Iacchi.

57 2623 156 2680 omnia
178 2638 253 2697 quae
275 2618 366 2678 multo
390 2627 457 2679 ante
478 2637 591 2679 memor
613 2620 729 2695 provisa
751 2636 885 2695 repones,

59 2705 134 2762 site
157 2703 244 2781 digua
266 2709 365 2762 manet
388 2703 475 2762 divini
499 2703 590 2780 gloria
612 2703 789 2777 ruriam

58 2787 196 2846 contiuuo
217 2787 247 2846 in
269 2785 348 2846 silvis
370 2803 475 2862 magna
496 2789 525 2846 vi
546 2786 620 2846 llexa
644 2786 777 2846 domatur

57 2871 87 2929 in
109 2870 207 2929 bmim
230 2878 259 2930 et
281 2871 362 2931 curvi
384 2870 510 2930 formam
532 2871 637 2947 accipit
658 2869 754 2929 ulmus
777 2871 874 2930 aratri.

57 2953 126 3013 huic
148 2973 164 3013 a
187 2954 277 3032 stirpe
298 2955 389 3033 pedes
411 2961 490 3015 temo
512 2961 666 3032 protentus
688 2954 717 3012 in
741 2961 816 3023 octo,

57 3037 143 3096 binae
165 3056 267 3106 aures,
292 3038 400 3116 duplici
422 3045 559 3116 aptantur
581 3036 705 3098 dentalia
728 3037 823 3106 dorso,

57 3121 200 3197 stivaque,
226 3140 299 3200 quae
323 3139 429 3181 currus
442 3140 467 3181 ·a
488 3131 572 3199 tergo
594 3126 729 3199 torqueat
750 3121 832 3179 imos.

58 3202 189 3263 caeditur
213 3204 321 3264 attilia
344 3211 410 3265 ante
432 3206 500 3283 iugo
522 3205 593 3264 levis
615 3203 731 3280 altaque
756 3202 849 3280 lagae,

59 3295 87 3345 et
108 3304 248 3364 suspensa
271 3288 345 3347 locis
368 3287 500 3365 explorat
520 3287 630 3348 robora
653 3287 758 3345 sumus

99 3369 223 3429 Possum
244 3371 334 3431 multa
356 3370 408 3431 tibi
429 3380 561 3432 veterum
583 3376 740 3448 praecepta
762 3370 883 3438 referre,

58 3453 88 3512 ui
110 3453 220 3531 refugis
241 3456 395 3532 tenuisque
417 3458 497 3534 piget
519 3470 698 3531 cognoscere
721 3470 816 3512 curas.

276 3651 309 3744 b
