2400 3878
132 180 174 239 72
419 189 562 236 vnnornr
586 186 788 235 ouonarcou
810 187 863 234 1111

134 345 311 422 tinnitusque
333 344 377 403 oie
399 352 428 403 et
449 343 549 402 Matris
571 352 656 420 quate
679 340 808 419 cymbala
832 341 957 400 circum:

132 428 214 506 ipsae
235 428 386 487 consident
407 426 556 486 medicatis
579 425 713 492 sedibus,
736 426 816 500 ipsae

132 512 244 572 intuma
266 529 349 570 more
371 529 424 569 suo
445 527 512 569 sese
534 511 564 568 in
587 507 731 569 cunabula
754 510 888 569 condent.

175 594 227 654 Sin
250 604 347 655 autem
370 595 405 652 ad
428 609 557 670 pugnam
578 593 700 653 exierint
723 592 800 670 (nam
822 609 910 669 saepe
932 590 1050 652 duobus

133 677 252 755 regibus
275 679 393 737 incessit
414 694 521 753 magno
544 676 689 736 discordia
711 684 808 744 motu3

134 762 330 838 continuoque
352 763 464 820 animos
486 758 562 837 volgi
584 766 613 820 et
634 759 808 837 trepidantia
830 759 907 819 hello

133 844 223 905 corda
245 846 312 904 lieet
333 843 421 920 longe
442 844 655 921 praesciscere:
678 861 804 920 namque
827 843 968 903 morantis

133 928 253 988 llartius
275 927 323 987 ille
345 929 421 988 aeris
442 928 524 987 rauci
548 946 637 987 canor
660 929 807 1003 increpat,
831 935 860 986 et
881 945 935 986 vox

133 1012 249 1072 auditur
271 1013 379 1071 fractos
401 1012 513 1070 sonitus
534 1012 643 1071 imitata
665 1011 819 1078 tubarum;

132 1103 194 1154 tum
216 1096 347 1173 trepidae
369 1095 445 1155 inter
467 1113 498 1155 se
521 1104 628 1155 coeunt
649 1095 804 1172 pinnisque
827 1101 981 1154 coruscant

133 1177 301 1256 spiculaque
324 1185 468 1238 exacuunt
490 1180 594 1237 rostris
617 1185 774 1256 aptantque
796 1176 928 1246 lacertos,

134 1269 162 1321 et
184 1263 261 1321 circa
283 1280 384 1339 regem
407 1269 493 1338 atque
516 1264 578 1338 ipsa
600 1261 636 1320 ad
658 1262 804 1338 praetoria
827 1262 934 1321 densae

134 1347 293 1405 miscentur
315 1346 488 1422 magnisque
510 1351 615 1405 rooant
637 1343 815 1405 clamoribus
836 1345 959 1421 hostem)

135 1446 204 1506 ergo
226 1428 277 1489 uhi
300 1448 350 1489 rer
372 1436 494 1489 nanctae
517 1428 623 1489 sudum
646 1446 823 1506 camposque
845 1428 969 1505 patentis

135 1520 292 1589 erumpunt
313 1513 421 1590 portis:
445 1513 647 1581 concurritur,
670 1512 789 1572 aethere
809 1512 840 1571 in
862 1511 919 1571 alto

134 1596 165 1656 ut
187 1598 314 1664 sonitus,
338 1614 476 1673 magnum
499 1597 606 1656 mixtae
627 1595 828 1672 glomerantur
850 1596 880 1654 in
902 1593 1014 1662 orbem,

134 1679 366 1759 praecipitesque
389 1681 509 1747 cadunt;
534 1698 593 1738 non
615 1680 732 1739 densior
755 1684 824 1739 aere
847 1677 968 1756 grando,

133 1780 189 1821 uec
210 1762 247 1822 de
270 1781 412 1823 concussa
434 1770 546 1822 tantum
568 1761 642 1838 pluit
664 1761 729 1821 ilice
752 1761 873 1839 glandis

133 1847 189 1923 ipsi
211 1864 265 1921 per
287 1845 398 1905 medias
420 1846 497 1905 acies
520 1845 682 1920 insignibus
705 1844 757 1904 alis

134 1930 260 2006 ingentis
282 1930 394 1989 animos
416 1936 540 2005 angusto
563 1930 593 1987 in
615 1936 735 2005 pectore
758 1938 882 1999 versant,

133 2029 227 2090 usque
250 2012 322 2073 adeo
346 2012 446 2071 obnixi
469 2030 528 2070 uon
551 2013 672 2080 cedere,
696 2012 766 2072 dum
789 2015 884 2090 gravis
907 2021 955 2072 aut
977 2012 1032 2072 hos

134 2104 183 2156 aut
204 2095 260 2154 hos
281 2114 364 2156 versa
387 2097 455 2173 luga
478 2097 570 2156 victor
593 2097 663 2156 dare
685 2103 766 2171 terga
789 2098 912 2174 subegit.

133 2179 163 2239 hi
186 2188 283 2239 motus
305 2181 468 2240 animorum
492 2186 579 2257 atque
601 2182 674 2239 haec
697 2181 855 2240 certamina
876 2186 955 2239 tanta

134 2262 262 2340 pulveris
285 2264 381 2341 exigui
403 2264 481 2323 iactu
504 2281 672 2342 compressa
695 2264 853 2342 quiescent.

134 2364 236 2406 rerum
258 2346 309 2407 ubi
331 2347 469 2406 ductores
492 2349 554 2408 acie
576 2348 759 2408 revocaveris
781 2348 878 2416 ambo,

134 2430 263 2495 deterior
285 2431 335 2509 qui
357 2431 447 2500 visus,
471 2450 551 2501 eum,
575 2450 612 2492 ne
634 2431 775 2508 prodigus
798 2431 881 2499 obsit,

135 2513 208 2573 dede
230 2515 310 2582 neci;
334 2513 438 2573 melior
462 2534 551 2575 vacua
573 2516 636 2575 sine
657 2522 762 2592 regnet
782 2515 813 2574 in
835 2513 909 2575 aula.

131 2593 218 2671 [alter
235 2601 291 2658 erit
307 2597 430 2658 maculis
452 2617 525 2659 auro
548 2598 748 2677 squalentibus
770 2598 899 2676 ardens]

134 2698 202 2740 nam
224 2685 283 2741 duo
305 2690 373 2741 sunt
395 2700 519 2760 genera:
542 2683 590 2743 hic
613 2681 716 2742 melior
737 2683 858 2758 insignis
881 2690 909 2742 et
931 2700 982 2741 ore

135 2771 163 2824 et
185 2763 279 2825 rutilis
301 2764 398 2824 clarus
421 2768 563 2845 squamis;
586 2766 634 2825 ille
656 2765 794 2825 horridus
816 2764 889 2825 alter

135 2847 243 2907 desidia
265 2846 412 2927 latamque
433 2851 554 2910 trahens
575 2847 718 2926 inglorius
740 2846 844 2908 alvom.

177 2930 213 2989 Vt
234 2929 321 2991 binae
342 2951 445 3010 regum
468 2933 571 3000 iacies,
594 2933 632 2991 ita
658 2948 782 3008 corpora
803 2930 906 3009 plebis.

134 3033 260 3093 namque
282 3013 355 3076 aliae
377 3024 478 3093 turpes
499 3014 637 3083 horrent,
660 3033 713 3074 ceu
735 3013 856 3092 pulvere
878 3016 915 3075 ab
938 3015 995 3075 alto

135 3117 223 3178 quom
247 3100 323 3159 venit
345 3105 374 3159 et
395 3099 473 3158 sicco
496 3106 606 3158 terram
628 3098 707 3174 spuit
728 3115 780 3158 ore
802 3100 893 3159 viator

135 3184 248 3250 aridus;
273 3181 389 3243 elucent
411 3180 483 3242 aliae
505 3189 534 3241 et
556 3180 670 3256 fulgore
690 3191 846 3243 coruscant

135 3267 270 3327 ardentes
293 3283 366 3326 auro
389 3272 417 3325 et
439 3265 559 3342 paribus
581 3264 630 3324 lita
653 3283 777 3344 corpora
800 3269 896 3344 guttis.

134 3350 208 3411 haec
230 3351 326 3428 potior
348 3347 482 3418 suboles,
506 3350 574 3408 hine
596 3347 668 3410 caeli
689 3356 823 3426 tempore
845 3358 926 3410 certo
1104 3364 1157 3416 roo

135 3432 229 3494 dulcia
251 3430 337 3492 mella
358 3449 489 3509 premes,
513 3450 569 3493 nec
591 3440 704 3494 tantum
726 3432 820 3493 dulcia
843 3437 983 3512 quantum
