2400 3878
141 192 181 252 62
429 203 569 250 vernoun
591 201 791 249 ouoeoroon
816 202 856 248 111

140 365 236 434 raptat
256 375 353 426 amon
376 361 454 419 iuvat
475 359 518 417 ire
538 358 626 432 iugis,
650 374 707 434 qua
729 354 807 416 nulla
829 358 961 433 priorum

141 439 292 501 Castaliam
314 440 394 502 molli
416 442 574 501 devertitur
596 438 689 499 orbita
711 438 793 499 clivo.

140 542 227 591 nunc,
249 526 414 585 veneranda
436 523 533 592 Pales,
556 539 662 598 magno
683 540 760 582 nunc
783 541 835 583 ore
856 525 1029 585 sonandum.

182 606 326 684 incipiens
347 607 468 668 stabulis
490 608 571 668 edico
594 608 623 665 in
644 604 781 666 mollibus
802 605 924 666 herbam

141 707 262 767 carpere
284 693 357 761 ovis,
381 693 451 752 dum
472 709 539 749 mox
562 689 698 750 frondosa
721 690 872 750 reducitur
893 698 996 760 aestas,

141 784 169 835 et
190 773 280 834 multa
302 775 406 836 duram
427 773 531 852 stipula
554 772 728 850 lelioumque
750 772 883 850 maniplls

140 866 272 919 sternere
293 867 393 936 supter
415 858 550 926 humum,
578 856 685 932 glacies
706 873 744 916 ne
765 857 868 934 frigida
890 855 984 916 laedat

140 940 228 1001 mollo
248 959 352 1019 pecus,
375 940 561 1018 scabiemque
582 940 657 1000 ierat
678 941 828 1018 turpisque
849 941 1001 1017 podagras.

140 1025 295 1102 posthinc
317 1026 463 1101 digressus
485 1024 571 1085 iubeo
594 1024 757 1083 frondentia
780 1026 875 1100 capris

140 1110 243 1168 arbuta
265 1108 400 1169 sulficere
422 1117 450 1169 et
472 1109 573 1168 lluvios
595 1105 738 1184 praebere
760 1109 895 1175 recentis,

141 1199 169 1253 et
190 1190 302 1252 stabula
324 1211 340 1252 a
362 1192 453 1252 ventis
475 1191 598 1250 hiberno
620 1207 769 1267 opponere
790 1189 844 1250 soli

140 1276 176 1337 ad
199 1276 327 1337 medium
349 1292 489 1335 conversa
512 1275 603 1341 diem,
628 1291 693 1332 cum
716 1273 837 1349 lrigidus
860 1274 927 1333 olim

140 1361 198 1421 iam
220 1360 296 1420 cadit
318 1366 507 1438 extremoque
529 1359 639 1419 inrorat
661 1357 797 1437 aquarius
819 1376 904 1420 antro.

141 1442 213 1504 haec
235 1461 351 1521 quoque
372 1462 431 1504 non
455 1462 524 1504 cura
544 1443 628 1503 nobis
650 1444 757 1504 leviore
779 1446 912 1513 tuendae,

141 1545 195 1586 nec
217 1529 312 1586 minor
334 1546 403 1588 usus
427 1528 494 1596 erit,
518 1528 647 1605 quamvis
668 1527 776 1588 blilesia
798 1546 904 1606 magno

142 1609 246 1670 vellera
268 1619 416 1672 mutentur
437 1611 540 1689 Tyrios
561 1612 674 1671 incocta
695 1611 834 1672 rubores:

142 1693 258 1752 densior
280 1694 347 1753 hinc
369 1693 500 1761 suboles,
524 1693 591 1752 hinc
612 1693 685 1770 largi
707 1696 789 1769 copia
808 1693 904 1762 lactis;

141 1794 228 1853 quam
250 1778 341 1853 magis
362 1776 502 1836 exhausto
525 1777 700 1850 spumaverit
722 1775 813 1836 ubere
834 1777 967 1846 mulctra,

141 1858 214 1918 laeta
236 1861 327 1935 magis
349 1861 456 1935 pressis
479 1857 637 1918 nrarrabunt
658 1858 776 1919 llumina
798 1863 939 1920 mammis.

140 1959 195 2001 nec
216 1944 312 2002 miurus
333 1944 443 2002 interea
465 1939 572 2000 barbas
593 1943 754 2019 incanaque
775 1953 873 2004 menta

141 2024 271 2102 Cinyphii
294 2026 414 2086 tondent
434 2024 531 2101 hirqui
553 2031 705 2102 saetasque
727 2029 867 2087 comantis

143 2126 224 2168 usum
247 2110 277 2168 in
299 2117 463 2169 castrorum
485 2115 513 2167 et
534 2109 647 2168 miseris
671 2108 808 2169 velamina
832 2112 935 2171 nautis.

139 2201 298 2268 pascuntur
320 2210 388 2252 vero
411 2191 495 2250 silvas
517 2199 546 2251 et
568 2210 679 2251 summa
703 2193 804 2270 Lycaei

140 2275 343 2353 horrentisque
364 2274 455 2335 rubos
470 2283 499 2334 et
520 2277 642 2334 amantis
664 2276 753 2335 ardua
776 2277 894 2344 dumos;

139 2365 225 2436 atque
246 2361 325 2436 ipsae
346 2376 491 2418 memores
512 2358 636 2418 redeunt
656 2360 685 2418 in
708 2366 797 2430 tecta,
819 2378 945 2439 suosque

139 2441 263 2511 ducunt,
287 2449 315 2502 et
337 2442 455 2520 gravido
476 2448 615 2520 superant
636 2442 681 2501 vix
703 2443 795 2504 ubere
816 2443 913 2503 limen.

139 2542 209 2602 ergo
232 2527 311 2586 omni
332 2527 426 2586 studio
449 2525 569 2604 glaciem
592 2533 748 2604 ventosque
769 2526 878 2596 nivalis,

140 2626 197 2687 quo
220 2610 315 2669 udnor
337 2619 380 2668 est
400 2608 455 2669 illis
478 2628 565 2671 curae
586 2609 716 2669 mortalis
739 2617 860 2688 egestas,

138 2700 264 2760 avertes,
287 2695 451 2771 victumque
473 2694 548 2753 leves
571 2701 600 2753 et
620 2694 717 2768 virgea
739 2693 830 2754 laetus

137 2774 258 2852 pabula,
281 2794 335 2835 nec
357 2783 416 2835 tota
439 2775 555 2836 claudes
576 2775 689 2836 laeniba
711 2776 825 2837 bruma.

138 2865 166 2917 at
188 2876 256 2917 vero
278 2857 410 2935 zephyris
433 2877 499 2917 curn
521 2858 595 2917 laeta
617 2858 787 2920 vocantibus
809 2870 911 2925 aestas.

137 2943 166 2999 in
188 2939 277 3000 saltus
298 2947 454 3018 utrumque
475 2958 594 3017 gregem
616 2947 702 3018 atque
723 2944 753 3001 in
775 2961 881 3019 pascua
903 2946 1008 3004 mittes.

136 3021 249 3083 luciferi
270 3024 365 3100 primo
387 3041 454 3083 cum
475 3024 570 3083 sidere
592 3024 694 3101 frigida
716 3044 785 3086 rura

137 3124 304 3183 carpamus,
327 3107 396 3166 dum
418 3125 503 3167 mane
524 3126 643 3176 novom,
667 3108 735 3168 dum
758 3112 888 3186 gramina
911 3115 1024 3178 canent,
1092 3122 1150 3178 325

137 3196 165 3248 et
186 3207 236 3249 ros
257 3189 286 3250 in
307 3198 408 3250 tenera
430 3191 529 3268 pecori
551 3193 730 3268 gratissimus
752 3194 851 3255 herba.

136 3272 203 3332 inde
225 3272 274 3333 ubi
296 3283 398 3352 quarta
420 3276 496 3334 sitim
519 3275 591 3334 caeli
613 3275 761 3353 collegerit
782 3279 854 3339 hora

137 3363 164 3414 et
186 3366 271 3418 cantu
293 3356 431 3436 querulae
453 3365 589 3434 rumpent
610 3359 727 3419 arbusta
750 3363 875 3431 cicadae,

136 3439 171 3499 ad
194 3449 297 3517 puteos
319 3448 368 3500 aut
389 3440 445 3501 alta
467 3458 573 3517 greges
595 3443 630 3502 ad
653 3451 753 3519 stagna
774 3445 881 3505 iubebo
