2400 3878
403 215 544 262 venerut
564 215 688 262 anunm
708 217 748 263 111
1019 208 1076 270 133

67 366 239 445 hnquebant
258 367 358 430 dulces
380 371 491 430 animas
511 375 561 428 aut
579 386 666 447 aegra
685 368 840 430 trahebant
1029 385 1076 437 140

70 469 209 527 corpora,
232 462 293 512 tum
313 451 426 514 steriles
449 470 572 513 exurere
595 453 687 514 Sirius
709 470 810 531 agros,

69 534 191 594 arebant
210 535 319 596 herbae
340 545 369 597 et
390 538 497 597 victum
516 553 600 613 seges
621 553 708 614 aegra
729 536 864 615 negabat.

69 635 171 678 rursus
191 618 228 678 ad
249 619 379 680 oraclum
395 618 530 698 Ortygiae
547 619 756 698 Phoebumque
777 637 912 681 remenso

69 701 201 761 hortatur
220 711 303 779 pater
323 704 367 763 ire
387 704 462 763 mari
482 703 653 782 veniamque
674 706 804 780 precari,

68 802 154 862 quam
174 784 256 845 lessis
278 786 364 847 finem
387 785 477 848 rebus
497 786 587 855 ferat,
610 788 688 848 unde
705 786 839 848 laborum

66 874 210 944 temptare
232 868 369 930 auxilium
390 869 501 938 iubeat,
526 889 584 948 quo
602 878 717 932 vertere
739 889 850 932 cursus.

109 952 172 1011 Nox
194 961 270 1023 erat,
294 960 322 1014 et
343 955 431 1014 terris
449 952 583 1014 animalia
604 972 724 1014 somnus
746 954 889 1017 habebat:

68 1035 177 1110 efligies
197 1055 298 1097 sacrae
320 1037 415 1097 divom
436 1037 611 1117 Phrygiique
631 1047 766 1116 penates,

67 1137 139 1196 quos
162 1137 276 1180 mecum
298 1120 334 1181 ab
356 1120 444 1183 Troia
462 1121 622 1200 mediisque
644 1140 679 1182 ex
700 1121 816 1198 ignibus
837 1121 918 1183 urbis

67 1202 241 1272 extuleram,
263 1205 316 1265 risi
337 1212 404 1265 ante
426 1205 527 1266 oculos
543 1213 638 1267 astare
656 1206 775 1266 iacentis

66 1285 94 1342 in
114 1288 239 1356 somnis,
261 1287 352 1348 multo
370 1290 524 1350 manufesti
545 1289 669 1359 lumine,
692 1297 748 1368 qua
769 1308 801 1350 se

66 1367 150 1445 plena
172 1386 225 1446 per
246 1371 370 1431 insertas
392 1372 532 1433 fundebat
551 1372 620 1433 luna
638 1374 793 1443 l,enestras

64 1459 127 1511 tum
145 1453 187 1512 sic
205 1451 299 1513 adfari
320 1464 349 1514 et
367 1473 452 1515 curas
475 1455 521 1514 his
543 1455 661 1517 demere
683 1456 781 1516 dictis:

61 1534 160 1612 ‘quod
183 1534 235 1596 tibi
254 1535 348 1597 delato
370 1537 518 1616 Ortygiam
537 1538 667 1598 dicturus
685 1537 787 1614 hpollo
810 1544 867 1607 est,

65 1616 113 1678 hic
135 1620 224 1687 canit,
247 1627 275 1679 et
293 1628 342 1679 tua
364 1637 418 1679 nos
439 1638 476 1680 en
494 1618 571 1680 ultro
592 1621 628 1682 ad
646 1619 744 1681 limina
766 1622 859 1681 mittit.

65 1719 119 1761 nos
141 1709 169 1761 te
191 1702 359 1763 Dardania
352 1721 468 1764 incensa
491 1711 598 1801 tuaque
620 1721 701 1764 arma
722 1706 829 1774 secuti,

65 1803 119 1844 nos
136 1786 279 1846 tumidum
301 1788 355 1848 sub
378 1794 406 1847 te
427 1789 574 1864 permensi
597 1786 738 1847 classibus
760 1805 869 1867 aequor

62 1865 141 1928 idem
163 1878 301 1929 venturos
321 1870 484 1930 tollemus
476 1888 506 1931 m
529 1879 605 1930 astra
628 1879 748 1950 nepotes

62 1940 280 2030 imperiumque
301 1952 368 2015 urbi
390 1953 533 2015 dabimus.
576 1961 609 2014 tu
630 1955 745 2014 moenia
764 1956 877 2031 magnis

64 2052 169 2111 magna
192 2053 280 2113 para,
303 2036 484 2116 longumque
502 2037 588 2114 fugae
610 2056 648 2098 ne
669 2037 768 2115 linque
789 2037 930 2098 laborem.

64 2127 126 2178 mut
114 2119 220 2179 tandae
240 2119 333 2180 sedes.
378 2139 437 2181 non
455 2121 529 2182 haec
550 2121 602 2182 tibi
623 2121 707 2181 litora
729 2122 818 2181 suasit

65 2201 163 2263 Delius
184 2212 234 2263 aut
252 2203 354 2265 Cretae
376 2205 458 2264 iussit
476 2205 630 2266 considere
650 2203 761 2282 Apollo.

64 2294 108 2345 est
126 2285 207 2346 locus
227 2287 405 2364 (llesperiam
430 2289 499 2350 Grai
517 2289 689 2367 cognomine
711 2288 835 2367 dicunt),

63 2375 142 2428 terra
164 2371 299 2447 antiqua,·
318 2380 423 2448 potens
444 2374 532 2431 armis
553 2380 640 2449 atque
662 2370 756 2431 ubere
774 2369 908 2448 glaebae,

64 2454 180 2512 Oenotri
203 2451 321 2513 coluere
341 2455 410 2522 viri,
428 2472 508 2514 nunc
530 2454 606 2513 lama
627 2455 755 2513 minores

65 2533 175 2594 ltaliam
196 2534 302 2595 dixisse
322 2535 403 2594 ducis
425 2535 461 2596 de
484 2537 602 2596 nomine
619 2543 750 2612 gentem:

63 2619 119 2677 hae
141 2616 225 2677 nobis
247 2619 384 2695 propriae
404 2618 502 2686 sedes,
526 2619 594 2678 hinc
616 2618 766 2678 Dardanus
789 2625 869 2677 ortus

64 2701 214 2777 Iasiusque
235 2709 333 2779 pater,
355 2715 449 2776 genus
469 2719 485 2761 a
508 2718 566 2779 quo
586 2701 719 2778 principe
740 2706 881 2760 nostrum.

64 2801 152 2860 surge
167 2801 221 2860 age
243 2792 271 2844 et
293 2784 366 2844 haec
387 2783 480 2845 laetus
500 2783 641 2861 longaevo
666 2784 742 2844 dicta
758 2784 871 2863 parenti

64 2867 141 2927 haud
164 2868 321 2929 dubitanda
342 2868 434 2938 refer,
459 2867 617 2947 Corythum
638 2875 791 2945 terrasque
812 2869 942 2946 requirat

64 2950 221 3012 Ausonias:
244 2952 360 3012 Dictaea
382 2961 469 3029 negat
490 2952 543 3012 tibi
564 2952 693 3030 luppiter
713 2951 805 3013 arra!

64 3033 168 3095 talibus
189 3037 326 3096 attonitus
349 3036 416 3097 visis
438 3043 466 3096 et
486 3054 557 3096 voce
578 3036 700 3097 deorum

64 3120 129 3197 (nec
150 3136 239 3197 sopor
259 3119 330 3180 illud
350 3127 426 3190 erat,
449 3119 498 3181 sed
511 3138 610 3180 coram
633 3120 813 3198 adgnoscere
833 3119 926 3181 voltus

64 3201 227 3281 velatasque
249 3221 348 3264 comas
365 3205 588 3282 praesentiaque
609 3221 660 3263 ora
680 3202 814 3272 videbar,

63 3292 124 3344 tum
146 3286 258 3362 gelidus
281 3297 340 3346 toto
392 3287 498 3348 enabat
516 3304 640 3364 corpore
661 3287 760 3364 sudor)

64 3370 190 3446 corripio
214 3389 229 3429 e
251 3305 495 3450 strattsltrpus,
518 3372 665 3449 tendoque
684 3369 802 3446 supinas

63 3452 100 3513 ad
121 3451 234 3513 caelum
257 3471 324 3513 cum
344 3472 417 3516 voce
438 3470 556 3524 manus,
580 3464 608 3516 et
626 3471 748 3514 munera
768 3451 827 3512 libo
