2400 3878
140 200 199 260 ³32
470 211 611 257 vunonn
627 208 750 257 sunnis
766 209 816 255 xu

139 384 193 425 uec
215 382 308 440 genus
326 366 489 424 indecores.
522 366 584 425 sine
604 383 650 423 me
671 363 743 423 haee
765 363 836 422 haut
857 359 953 421 mollia
976 361 1036 422 satu
1110 368 1145 420 th

138 447 259 508 sublatis
279 450 394 524 aperire
416 448 499 517 dolis,
522 447 609 508 simul
632 448 688 507 hoc
709 448 805 507 animo
825 446 919 505 hauri.

140 543 304 592 menatem
328 530 398 591 nulli
421 542 552 591 veterum
575 533 686 590 sociare
705 547 863 607 procorum

139 615 182 674 ias
204 624 275 682 erat,
296 615 384 692 idque
405 632 506 674 omnes
529 615 644 690 divique
666 613 856 691 hominesque
879 611 1031 672 canebant.

140 699 231 758 victus
252 716 352 757 amore
374 699 424 767 tui,
446 707 570 776 cognato
592 699 732 773 sanguine
753 697 845 755 victus

138 783 271 858 coniugis
295 791 323 841 et
347 790 473 842 maestae
494 780 641 849 lacrumis,
664 779 755 839 vincia
776 779 871 838 omnia
893 779 974 856 rupi:

138 867 312 941 promissam
335 865 429 942 eripui
451 883 570 940 genero,
592 881 673 922 mma
700 863 788 941 impia
809 864 929 939 sumpsi.

138 967 173 1009 ex
193 947 242 1008 ilio
262 949 312 1023 qui
334 967 381 1007 me
402 966 496 1015 casus,
517 965 600 1027 quac,
622 945 732 1014 Turne,
753 953 912 1023 sequantur

139 1030 224 1096 helia,
246 1032 334 1096 vides,
355 1041 478 1108 quantos
497 1031 609 1109 primus
627 1031 737 1106 patiare
756 1026 882 1087 iabores.

139 1113 184 1173 his
209 1130 313 1188 magus
337 1115 402 1172 victi
425 1131 522 1190 pugna
545 1115 590 1171 rix
611 1112 684 1171 urbe
706 1122 821 1172 tuemur

139 1215 206 1274 spes
227 1194 327 1263 italam
350 1195 478 1255 recalent
499 1207 599 1255 nostro
621 1195 768 1273 Thybrina
790 1195 896 1255 fluenta

139 1281 280 1356 sanguiue
303 1278 399 1339 adhuc
421 1281 574 1357 campique
596 1281 728 1355 ingentes
748 1277 861 1338 ossibus
882 1278 988 1336 albent.

139 1382 197 1442 que
218 1363 332 1422 referor
354 1365 475 1423 totiens?
498 1381 572 1440 quae
593 1371 720 1422 mentem
742 1362 853 1421 insania
873 1361 981 1420 mutati

139 1450 162 1507 si
185 1446 285 1507 Turno
310 1449 436 1506 extincto
459 1448 554 1506 socios
576 1464 640 1506 sum
659 1445 771 1505 adscire
793 1454 919 1521 paratus.

141 1549 193 1590 cur
215 1546 273 1589 nou
295 1528 435 1589 ineolumi
456 1531 551 1606 potius
574 1529 733 1589 certamina
755 1527 842 1587 tollo?

140 1614 208 1689 quid
231 1615 438 1691 consanguinei
460 1612 568 1681 Rutuli,
591 1613 660 1689 quid
685 1621 782 1671 cetera
804 1611 879 1670 dicet

141 1696 229 1763 italia,
253 1696 288 1754 ad
312 1707 436 1756 mertem
455 1698 479 1755 si
499 1705 527 1756 te
550 1696 633 1769 (Fors
656 1695 732 1755 dieta
755 1696 883 1768 refuteti)

141 1779 329 1856 prodiderim,
354 1788 450 1838 natam
473 1788 500 1838 et
523 1778 647 1838 conubia
670 1788 768 1836 nostra
790 1778 954 1855 petentemi

141 1863 254 1938 respice
274 1879 321 1920 res
342 1859 419 1921 bello
442 1864 548 1926 varias:
567 1863 707 1920 miserere
730 1862 857 1936 parentis

142 1944 279 2020 longaevi,
300 1962 387 2020 quem
408 1962 488 2002 nunc
509 1951 650 2002 maestum
672 1944 765 2020 patria
786 1942 881 2001 Ardea
903 1942 988 2020 louge

141 2026 259 2086 dividit.¹
292 2026 508 2103 hautquaquam
528 2026 611 2085 dictis
632 2024 767 2085 violentia
789 2025 880 2084 Turni
1113 2033 1148 2084 tt

141 2109 283 2170 flectittu:
306 2120 461 2185 exsuperat
483 2109 574 2185 magis
595 2110 794 2185 aegrescitque
816 2108 969 2169 medendo.

142 2201 172 2251 ut
193 2195 321 2269 primum
343 2192 397 2250 fari
420 2194 522 2269 potuit,
546 2192 588 2251 sie
609 2192 710 2250 institit
729 2209 797 2250 ore:

141 2287 244 2354 ‘quam
264 2293 319 2352 pro
341 2292 388 2333 me
411 2293 510 2335 curam
533 2277 618 2352 geris,
641 2273 717 2334 hane
739 2291 854 2352 precor,
879 2277 996 2352 optime.
1019 2293 1075 2354 pro
1098 2293 1147 2337 mc

145 2359 274 2436 deponas
296 2359 445 2436 letumque
468 2361 546 2418 sinas
564 2375 618 2436 pro
637 2357 721 2418 laude
743 2358 864 2435 pacisci:

142 2450 170 2502 et
192 2459 245 2500 nos
266 2442 331 2510 tela,
354 2450 445 2517 pater,
469 2444 639 2520 ferrumque
659 2442 730 2503 haut
752 2440 846 2502 debile
866 2440 966 2501 dextra
1112 2451 1149 2500 ou

142 2527 320 2602 spargimus;
345 2534 373 2584 et
395 2535 495 2584 nostro
514 2527 645 2605 sequitur
663 2526 699 2585 de
717 2525 835 2586 volnere
856 2525 981 2600 sanguis.

142 2607 229 2683 longe
250 2608 290 2668 iili
315 2609 368 2668 dea
391 2618 483 2669 nister
503 2612 567 2678 erit,
590 2627 663 2687 quae
686 2608 765 2669 nube
787 2609 919 2685 fugacem

142 2693 265 2751 feminea
287 2700 364 2769 tegat
389 2703 417 2752 et
440 2696 519 2752 vanis
541 2711 605 2753 sese
627 2692 741 2752 occulat
761 2689 892 2752 umbris'

183 2778 219 2833 At
241 2778 351 2850 regina,
374 2794 447 2836 rrova
467 2795 583 2854 pugnae
604 2777 759 2836 conterrita
779 2784 866 2842 sorte,

142 2856 229 2916 debat
251 2867 280 2915 et
302 2857 453 2917 ardentem
475 2877 616 2936 generum
638 2860 781 2918 monitura
805 2858 937 2917 tenebat:
1114 2864 1150 2913 ot

142 2940 267 3005 ‘Turne
288 2958 342 3015 per
361 2941 413 2998 has
434 2959 489 3016 ego
509 2948 538 3000 te
558 2942 700 3009 lacrimas,
722 2959 775 3018 per
798 2942 887 3018 siquis
908 2941 1027 3001 Amatae

142 3024 233 3096 tangit
254 3016 347 3081 honos
370 3024 500 3081 animum
524 3025 599 3100 (spes
619 3031 651 3080 tu
672 3040 750 3082 nunc
772 3041 839 3089 una,
864 3032 998 3084 senectae

141 3113 173 3165 tu
195 3106 311 3182 requies
333 3108 465 3173 miserae,
489 3105 578 3164 decus
600 3106 812 3182 imperiumque
832 3107 927 3166 Latini

141 3197 171 3249 te
192 3207 292 3268 peuce,
315 3190 395 3249 inte
418 3190 510 3248 omnis
533 3190 635 3248 domus
656 3186 791 3248 inclinata
809 3189 974 3268 recumbit),

142 3291 233 3333 unum
256 3290 324 3332 oro:
348 3273 453 3333 desiste
473 3291 590 3332 manum
613 3273 794 3333 committere
816 3273 945 3333 Teucris.
1114 3279 1151 3332 to

142 3357 239 3434 quite
262 3374 387 3435 eumque
406 3365 525 3416 manent
543 3358 597 3416 isto
620 3356 774 3415 certamine
795 3374 887 3424 casus,

142 3447 171 3501 st
191 3456 247 3507 me,
270 3437 378 3509 Turne,
402 3449 534 3500 manent:
556 3439 640 3499 simui
665 3440 737 3499 haec
760 3440 850 3500 invisa
871 3438 1035 3518 relinquam
