2400 3878
364 242 507 290 vundthl
531 243 735 294 ouonfflcors
757 247 782 293 11

72 401 205 463 aesculus
227 400 398 480 inprimis,
423 420 497 480 quae
520 407 660 479 quantum
684 403 791 462 vertice
815 403 851 464 ad
873 421 960 467 auras

69 486 230 554 aetherias,
253 492 366 546 tantum
388 485 487 546 radice
508 486 538 544 10
561 485 682 545 Tartara
704 486 804 547 tendit.

68 587 140 648 ergo
163 586 222 628 non
245 569 357 630 hiemes
378 567 472 637 illam,
496 585 556 628 non
578 567 671 629 flabra
693 588 788 649 nequo
810 573 923 637 imbres

67 652 250 713 convellunt:
273 654 393 712 immota
416 659 529 722 manet,
551 652 718 732 multosque
740 664 870 733 nepotes

66 736 158 797 multa
180 738 275 796 rhum
299 735 417 796 volvens
440 735 572 796 durando
595 735 711 799 saecula
735 740 831 799 vincit.
1027 754 1079 809 295

66 827 128 880 tum
151 820 233 880 fortis
254 819 312 880 late
334 838 433 880 ramos
456 828 484 881 et
505 818 643 880 braoohia
664 822 796 900 pandens

67 902 125 963 huo
148 902 216 963 11100
239 904 335 964 media
358 905 420 980 ipsa
442 905 591 981 ingentem
613 905 736 965 sustinet
757 906 902 968 umbram.

109 986 187 1047 Neve
210 987 264 1047 tihi
287 987 323 1047 ad
346 987 437 1047 solem
460 995 581 1065 vergant
602 989 697 1048 vineta
721 990 883 1061 cadentem,

64 1088 135 1131 neve
158 1071 234 1131 inter
257 1072 321 1132 vitis
345 1071 475 1149 corylum
498 1088 577 1140 sere,
605 1089 678 1132 0000
700 1071 813 1150 flagella

65 1171 178 1215 summa
200 1161 267 1232 pete
291 1163 340 1214 aut
363 1172 476 1214 summa
500 1154 632 1232 defringe
656 1175 690 1216 ex
713 1157 820 1218 arbore
843 1158 955 1236 plantas
1026 1173 1077 1226 300

65 1237 171 1315 (tantus
194 1255 277 1298 amor
300 1238 405 1317 terrae)
429 1256 487 1299 neu
510 1239 589 1298 ferro
611 1238 694 1300 laede
717 1248 837 1301 retunso

64 1322 190 1390 semina,
214 1338 287 1382 neve
310 1320 373 1381 olea
396 1321 534 1382 silvestris
555 1323 653 1382 insere
676 1330 813 1385 truncos:

64 1421 131 1463 nam
154 1422 241 1481 saepe
264 1405 387 1465 incautis
408 1404 575 1482 pastoribus
597 1405 703 1465 excidit
724 1408 809 1482 ignis,

65 1489 114 1565 qui
138 1486 238 1547 furtim
261 1488 362 1563 pingui
384 1483 512 1564 primum
534 1487 588 1546 sub
612 1490 721 1549 cortice
743 1497 838 1550 tectus

64 1570 171 1630 robora
195 1570 392 1647 comprendit,
416 1570 593 1647 frondesque
616 1569 731 1647 elapsus
753 1573 781 1631 in
804 1571 876 1632 altas
1025 1586 1073 1640 303

65 1655 214 1730 ingentem
237 1653 317 1713 eaelo
340 1655 467 1712 sonitum
490 1653 584 1722 dedit;
607 1653 675 1714 inde
697 1662 814 1716 secutus

61 1754 116 1815 per
138 1755 236 1797 ramos
258 1738 350 1797 vietor
373 1755 485 1814 perque
506 1736 561 1797 alta
586 1738 735 1798 cacumina
758 1747 871 1815 regnat,

63 1829 91 1881 et
113 1827 206 1881 totum
228 1821 345 1880 involvit
366 1820 490 1880 flammis
512 1837 616 1880 nemus
638 1828 666 1880 et
688 1823 748 1882 ruit
770 1830 861 1883 atram

63 1905 98 1964 ad
122 1904 235 1964 caelum
257 1905 340 1982 picea
364 1921 479 1964 crassus
502 1903 625 1981 caligine
648 1904 767 1975 nubem,

63 1989 236 2065 praesertim
258 1988 282 2047 si
304 1994 461 2066 tempestas
484 2006 499 2048 a
520 1989 629 2048 vertice
652 1986 729 2049 silvis
1022 2005 1072 2058 300

61 2071 209 2141 incubuit,
233 2070 434 2150 glomeratque
456 2072 553 2132 ferens
575 2072 709 2132 incendia
732 2082 842 2134 ventus.

62 2173 118 2214 noo
139 2154 203 2224 ubi,
227 2171 287 2214 non
309 2173 325 2215 a
348 2156 438 2232 stirpe
460 2153 555 2216 valent
577 2172 736 2233 caesaeque
757 2158 865 2217 reverti

60 2245 183 2316 possunt
205 2244 291 2317 atque
313 2239 370 2299 ima
393 2237 500 2299 similes
522 2239 700 2300 revirescere
722 2246 810 2300 terra.

60 2321 160 2381 infelix
182 2329 302 2398 superat
323 2321 397 2382 foliis
420 2321 545 2382 oleaster
566 2324 682 2383 amaris.

102 2405 163 2465 Nec
185 2404 236 2464 tibi
259 2413 318 2464 tam
341 2406 471 2482 prudens
493 2406 645 2483 quisquam
666 2407 842 2483 persuadeat
864 2416 966 2469 auctor
1020 2421 1071 2474 310

60 2487 193 2547 tellurem
217 2487 308 2548 borea
330 2489 452 2565 rigidam
475 2489 603 2564 spirante
624 2491 744 2548 moveri.

60 2588 130 2630 rura
153 2569 219 2647 gelu
241 2577 304 2630 tum
327 2571 436 2631 claudit
456 2571 585 2646 hiemps,
607 2589 663 2630 neo
684 2571 794 2631 semine
816 2573 890 2631 iacto

61 2660 231 2714 concretum
253 2654 361 2730 patitur
384 2653 512 2712 radicem
535 2652 662 2730 adligare
683 2660 788 2713 terrae.

60 2736 168 2815 optima
191 2737 293 2797 vinetis
315 2736 401 2807 satio,
426 2754 491 2797 oum
515 2753 582 2796 vere
602 2736 720 2797 rubenti

60 2821 181 2881 candida
203 2821 281 2881 venit
301 2821 361 2881 avis
380 2819 474 2898 longis
495 2819 584 2880 inrisa
605 2819 742 2890 colubris,
1018 2833 1069 2889 320

58 2905 153 2982 prima
176 2903 220 2965 vel
243 2905 373 2966 autumni
395 2903 450 2965 sub
472 2904 597 2982 frigora,
621 2922 688 2966 cum
710 2905 830 2984 rapidus
853 2907 902 2967 Sol

59 2988 189 3049 nondum
212 2989 339 3049 hiemem
362 2988 502 3064 contingit
524 2988 620 3066 equis,
644 2989 702 3048 iam
723 2991 863 3066 praeterit
885 2998 986 3051 aestas.

59 3090 109 3132 ver
132 3071 204 3132 adeo
227 3072 322 3132 frondi
344 3089 513 3141 nemorum,
536 3090 587 3132 ver
608 3071 678 3133 utile
700 3071 792 3142 silvis;

58 3172 126 3215 rere
149 3162 261 3216 tument
282 3163 378 3216 terrae
402 3164 430 3216 et
452 3154 586 3232 genitalia
608 3156 718 3216 semina
740 3164 873 3233 poscunt.

59 3245 121 3298 tum
143 3245 225 3315 pater
248 3240 430 3316 omnipotens
453 3239 584 3299 fecundis
605 3239 748 3299 imbribus
770 3239 871 3299 aether
1016 3250 1067 3304 325

60 3322 190 3398 coniugis
212 3323 241 3381 10
263 3324 407 3399 gremium
428 3321 520 3383 laetae
543 3321 704 3390 deseendit,
728 3328 756 3381 et
778 3323 871 3382 omnis

60 3421 183 3482 magnus
205 3403 254 3464 alit
275 3423 380 3482 magno
404 3405 575 3466 commixtus
598 3422 722 3481 corpore
745 3406 828 3465 fetus.

61 3488 121 3549 aria
143 3494 205 3547 tum
228 3495 366 3550 resonant
387 3489 487 3550 avibus
509 3486 632 3565 virgulta
655 3489 778 3557 canoris,
