2400 3878
141 196 200 258 124
481 206 621 253 venenu
644 206 768 254 annuis
791 207 816 252 11

139 363 293 440 expedior;
318 363 388 423 dant
406 361 462 421 tela
483 359 579 421 locum
602 360 795 440 flammaeque
814 363 965 423 recedunt.

179 450 272 523 Atque
293 445 344 506 ubi
365 446 422 504 iam
443 446 554 520 patriae
576 452 748 522 perventum
769 446 805 505 ad
826 445 923 506 limina
948 446 1026 508 sedis

137 531 328 607 antiquasque
349 529 466 595 domos,
488 530 617 602 genitor,
639 546 727 606 quem
747 526 851 589 tollere
872 530 902 588 in
922 528 995 590 altos
1105 542 1160 598 633

138 612 274 689 optabam
296 613 424 688 primum
445 613 553 670 montis
573 613 758 689 primumque
777 612 926 689 petebam.

138 695 263 772 abnegat
284 698 379 756 excisa
400 697 487 755 vitam
507 695 674 772 producere
694 695 782 755 Troia

138 778 314 857 exiliumque
333 780 401 858 pati.
446 787 513 837 ‘vos
535 797 567 848 o,
589 779 695 857 quibus
715 779 829 855 integer
852 781 914 839 aeri

138 862 269 940 sanguis’
290 864 329 923 ait
348 861 530 940 ‘solidaeque
551 880 604 921 suo
624 870 701 923 stam
723 862 830 923 robore
852 864 939 930 vires,

137 964 188 1005 vos
210 948 315 1023 agitate
337 947 445 1023 fugam.
1104 959 1160 1012 6⁴0

138 1048 184 1090 me
205 1031 230 1088 si
252 1029 405 1090 caelicolae
425 1028 582 1090 voluissent
604 1028 713 1090 ducere
734 1029 835 1098 vitam,

137 1112 190 1171 has
210 1113 281 1173 mihi
301 1122 465 1173 servassent
484 1112 578 1172 sedes,
622 1114 690 1172 satis
714 1130 770 1172 una
790 1130 938 1191 superque

137 1195 261 1256 vidimus
283 1196 392 1257 excidia
415 1204 443 1256 et
463 1204 565 1273 captae
587 1197 787 1273 superavimus
807 1195 884 1256 urbi.

138 1280 217 1339 sico
240 1281 282 1339 sic
302 1281 429 1358 positum
453 1278 540 1340 adfati
563 1279 702 1340 discedite
726 1297 841 1356 corpus.

138 1364 199 1440 lpse
221 1382 309 1424 manu
331 1371 455 1423 mortem
476 1364 634 1431 inveniam3
653 1363 839 1423 miserebitur
857 1363 948 1422 hostis
1105 1373 1159 1429 sas

138 1448 312 1525 exuviasque
334 1455 420 1524 petet.
467 1446 559 1508 facilis
581 1450 690 1507 iactura
715 1446 871 1523 sepulchri.

137 1548 194 1590 iarn
218 1530 333 1608 pridem
352 1532 460 1592 invisus
481 1531 553 1591 divis
572 1539 601 1591 et
621 1530 729 1591 inutilis
753 1547 844 1590 annos

138 1614 292 1684 demoror,
315 1633 349 1675 ex
371 1633 430 1693 quo
454 1634 501 1675 me
523 1615 618 1675 divom
640 1622 724 1691 pater
749 1623 836 1691 atque
855 1614 1006 1674 hominum
1028 1630 1082 1674 rex

137 1695 267 1757 fulminis
289 1697 404 1758 adllavit
426 1700 519 1758 ventis
541 1707 569 1758 et
592 1700 714 1774 contigit
735 1696 819 1774 igni’

178 1779 258 1839 Talia
280 1781 429 1858 perstabat
452 1798 631 1849 memorans,
655 1783 788 1858 fixusque
809 1779 953 1841 manebat.
1103 1792 1159 1847 oso

137 1880 191 1922 nos
214 1872 315 1923 contra
338 1865 421 1924 ellusi
444 1864 572 1924 lacrimis
596 1865 781 1941 coniunxque
804 1864 912 1924 Creusa

136 1947 334 2025 Ascaniusque
348 1949 499 2026 omnisque
517 1948 634 2016 domus,
658 1966 695 2007 ne
717 1956 832 2008 vertere
853 1964 953 2008 secum

138 2038 241 2089 cuncta
262 2040 345 2108 pater
365 2032 484 2109 latoque
504 2034 641 2108 urguenti
660 2031 831 2091 incumbere
854 2029 947 2092 vellet.

137 2112 276 2191 abnegat,
299 2115 473 2193 inceptoque
493 2122 522 2175 et
541 2115 659 2175 sedibus
681 2115 782 2175 haeret
804 2115 833 2174 in
854 2114 956 2174 isdem.

136 2213 240 2256 rursus
258 2199 287 2257 in
310 2216 390 2258 arma
413 2198 507 2268 seror,
531 2206 715 2277 mortemque
735 2198 917 2258 miserrimus
938 2204 1016 2275 opto.
1103 2209 1158 2265 aas

136 2297 204 2339 nam
227 2282 305 2359 quod
329 2282 479 2341 consilium
500 2290 550 2342 aut
571 2301 646 2360 quae
663 2284 720 2342 iam
739 2282 855 2342 fortuna
876 2280 1018 2342 dabatur?

137 2371 221 2423 ‘men
244 2366 349 2425 ellerre
368 2366 488 2442 pedem,
511 2369 639 2442 genitor,
663 2374 692 2427 te
713 2384 799 2444 posse
819 2364 922 2426 relicto

137 2449 274 2525 sperasti,
296 2456 468 2528 tantumque
489 2451 571 2511 nelas
592 2452 685 2528 patrio
708 2449 814 2511 excidit
836 2447 905 2509 ore?

137 2546 161 2591 st
178 2533 249 2592 nihil
270 2553 305 2594 ei
325 2542 403 2594 tanta
425 2536 538 2612 superis
557 2534 653 2612 placet
673 2534 747 2594 urbe
769 2531 893 2610 relinqui

138 2625 165 2675 et
188 2616 269 2677 sedet
292 2618 348 2677 hoc
368 2620 480 2687 animo,
503 2619 709 2696 perituraeque
732 2616 840 2677 addere
857 2615 962 2675 Troiae
1104 2625 1160 2681 σω

136 2705 224 2778 teque
247 2709 370 2779 tuosque
393 2704 487 2771 iuvat,
512 2710 591 2780 patet
612 2703 659 2761 isti
679 2704 764 2761 ianua
786 2697 858 2768 leto,

136 2783 252 2859 lamque
274 2784 367 2844 aderit
388 2785 479 2844 multo
501 2785 609 2845 Priami
630 2785 667 2844 de
686 2785 827 2860 sanguine
850 2782 996 2861 Pyrrhus,

137 2874 254 2942 gnatum
277 2875 343 2926 ante
366 2886 417 2927 ora
440 2870 545 2944 patris,
566 2874 680 2943 patrem
703 2868 752 2943 qui
774 2865 931 2925 obtruncat
952 2863 988 2924 ad
1011 2881 1079 2923 aras

136 2947 192 3007 hoc
214 2957 291 3018 erat,
315 2950 389 3009 alma
411 2967 533 3027 parens,
561 2950 639 3027 quod
660 2967 706 3009 me
728 2967 781 3026 per
804 2949 875 3019 tela,
898 2966 952 3027 per
972 2948 1048 3024 ignis

137 3032 240 3108 eripis,
264 3040 295 3092 ut
317 3033 419 3092 mediis
438 3032 551 3093 hostem
574 3035 603 3092 in
624 3031 825 3111 penetralibus
844 3041 935 3110 utque
1105 3041 1160 3099 665

138 3115 293 3175 Ascanium
314 3124 485 3194 patremque
508 3136 605 3177 meum
626 3116 764 3194 iuxtaque
787 3116 925 3177 Creusam

138 3194 262 3257 alterum
280 3200 309 3258 in
333 3197 452 3260 alterius
474 3208 614 3260 mactatos
637 3201 778 3276 sanguine
801 3199 937 3260 cernam?

135 3298 231 3350 arma,
256 3282 324 3351 viri,
346 3282 537 3353 fenearum:
562 3291 646 3344 vocat
667 3283 714 3344 lux
737 3283 837 3344 ulthna
859 3284 958 3344 victos.

134 3363 247 3425 reddite
264 3384 310 3426 me
332 3368 452 3439 Danais,
476 3369 560 3428 sinite
578 3369 735 3427 instaurata
758 3368 881 3428 revisam

134 3447 254 3525 proelia.
299 3468 455 3530 numquam
478 3469 579 3513 omnes
601 3451 688 3511 hodie
709 3453 868 3512 moriemur
888 3448 997 3510 inulti'
1104 3460 1161 3519 σιο
