2400 3878
323 195 356 244 P.
378 195 521 244 vennam
542 159 697 244 annosus
718 195 905 244 unnnnrro.
1046 197 1114 246 xnr
1194 240 1195 244 ,

111 355 220 414 Furius
234 353 394 412 Bibaculus
409 353 499 427 (natus
514 370 537 409 a.
556 351 632 415 655,
648 360 770 409 mortuus
785 369 840 410 non
855 361 917 410 ante
933 354 1018 428 736),
1039 371 1115 430 prae·

110 446 182 495 terea
197 437 329 494 tricenarii
344 438 401 494 iere
426 441 517 497 Varro
531 436 671 494 Atacinus
687 434 775 509 (natus
791 453 814 492 a.
833 437 909 501 672,
924 436 947 507 †
962 446 1026 512 post
1041 439 1114 512 707)

112 528 138 578 et
151 521 184 577 t.
210 521 314 578 Varius
329 521 428 594 Rufus
442 521 530 596 (natus
546 537 569 576 a.
588 519 657 583 672,
672 518 695 589 †
708 527 771 593 post
788 519 873 597 737),
890 537 970 594 aquo
987 524 1114 580 memoria

108 604 226 678 separari
242 620 297 660 non
311 612 403 679 potest
419 605 538 679 quamvis
553 605 641 659 minus
656 603 742 659 clarus
757 604 869 661 Plotius
887 605 995 661 Tucca.
1025 622 1114 680 neque

109 687 260 757 Quinctios
283 689 391 759 Varus,
415 688 511 745 Catulli
524 686 643 752 sodalis,
664 685 695 742 ab
717 687 814 744 horum
834 694 920 744 aetate
941 688 1054 745 multum
1071 690 1114 746 ab·

108 771 192 827 luisse
211 771 360 844 putandus,
382 771 513 846 siquidem
534 787 603 827 anno
620 770 681 828 730
700 786 755 827 non
775 778 942 844 praematura
962 781 1048 829 morte
1069 773 1102 828 de

108 853 218 911 iunctus
234 860 284 910 est.
316 872 370 929 quo
386 856 521 929 aliquanto
536 855 625 910 iunior
640 853 691 910 luit
705 855 821 911 Asinius
834 855 926 913 Pollio
942 853 1030 926 (natus
1043 857 1113 920 678,

107 935 130 1008 †
153 936 240 1009 757),
262 937 360 995 Cinnae
380 941 478 996 amicus
499 946 526 995 et
546 945 685 1012 patronus.
722 945 789 1011 quot
810 954 893 995 annos
913 947 971 994 tum
992 938 1114 997 habuerit

106 1022 246 1080 Domitius
265 1021 385 1080 Marsus
404 1024 537 1084 nescitur,
558 1021 606 1077 sed
626 1023 691 1077 vixit
711 1022 781 1078 ultra
801 1029 914 1079 mortem
931 1021 1042 1087 Tibulli,
1066 1025 1112 1098 qui

107 1105 187 1180 paulo
207 1114 271 1180 post
290 1105 436 1180 Vergilium
458 1106 581 1162 decessit.
619 1105 697 1179 plane
717 1105 834 1179 aequalis
854 1106 941 1162 nostri
968 1106 1019 1162 iuit
1045 1107 1113 1164 Cor·

108 1192 200 1247 nelius
221 1190 322 1247 Gallus
342 1187 553 1263 (685-728),
579 1188 660 1262 paulo
686 1188 802 1246 lortasse
822 1190 909 1246 minor
930 1198 995 1245 natu
1020 1189 1112 1249 Aemi·

107 1275 165 1330 lius
179 1272 283 1330 Macer
313 1270 344 1344 (†
361 1272 446 1345 738),
462 1289 531 1347 puer
545 1273 688 1330 Horatius
702 1270 792 1345 (natus
809 1271 895 1344 689),
917 1273 1055 1330 infantiam
1069 1276 1113 1331 vir

108 1364 293 1430 transgressus
311 1358 439 1414 Tibullus
460 1356 548 1430 (natus
569 1357 641 1412 inter
661 1372 745 1413 annos
767 1356 826 1415 605
843 1365 869 1413 et
885 1356 970 1429 700),
992 1357 1112 1416 nondum

107 1440 163 1495 nati
176 1439 347 1512 Propertius
362 1439 399 1513 (n.
413 1442 483 1498 circa
499 1438 570 1512 703)
586 1447 613 1495 et
631 1437 745 1497 Ouidius
760 1439 797 1513 (n.
816 1440 896 1512 711).
924 1457 954 1496 ac
968 1440 1112 1514 populares

107 1523 196 1578 nostrl
220 1531 317 1597 poetae
336 1526 408 1580 inter
433 1525 483 1580 hos
509 1523 619 1579 inerunt
644 1521 740 1579 Furius
761 1522 900 1580 Bibaculus
923 1529 950 1579 et
966 1522 1110 1591 Quintilius

108 1605 193 1661 Varus
209 1605 417 1672 Cremonenses,
437 1607 564 1663 Aemilius
579 1605 666 1661 Macer
680 1606 851 1676 Veronensis,
867 1605 1005 1664 Cornelius
1022 1607 1111 1666 Gallus

111 1688 313 1747 Foroiuliensis.
344 1708 457 1765 quorum
474 1707 553 1764 quem
567 1697 703 1764 postremo
718 1689 779 1746 loco
795 1692 942 1756 nominavi,
958 1692 981 1746 si
995 1701 1070 1748 recte
1084 1694 1110 1749 in

108 1771 189 1829 Probi
202 1773 404 1848 prolegomenis
418 1794 446 1850 p.
464 1776 490 1838 6,
508 1775 523 1830 1
540 1773 572 1830 11.
590 1773 822 1848 ‘condiscipulus'
836 1773 946 1849 Vergilii
961 1775 1044 1831 inisse
1059 1784 1100 1832 tra

109 1856 196 1920 ditur,
218 1857 335 1914 lortasse
349 1860 400 1914 iam
416 1858 562 1915 Cremonae
577 1858 619 1914 vel
634 1856 775 1914 Mediolani
796 1857 940 1932 puerilium
960 1859 1111 1915 studiorum

106 1943 244 1998 consortio
256 1942 341 1998 iuncti
356 1940 475 1998 inerunt.
504 1941 668 2010 Quintilium
688 1943 794 1999 Varum
806 1940 913 1998 Servius
929 1942 961 1998 ad
979 1941 1059 2000 ecl.V
1071 1942 1112 2002 20

107 2025 185 2080 etiam
200 2032 345 2099 cognatum
357 2025 469 2100 Vergilii
484 2025 562 2089 dieit;
579 2023 652 2098 quod
668 2026 771 2082 etiamsi
786 2041 818 2082 ex
833 2025 935 2082 Horatii
950 2043 1030 2083 earm.
1043 2026 1054 2082 1
1070 2026 1110 2084 24

108 2105 199 2164 fictum
214 2110 250 2164 sit
257 2102 288 2180 ¹),
304 2116 376 2165 certe
392 2109 510 2182 equitem
524 2107 672 2164 Romanum
686 2108 757 2165 inter
771 2108 905 2166 litteratos
922 2109 995 2167 urhis
1010 2110 1111 2168 clarum

106 2199 315 2249 consentaneum
341 2201 383 2248 est
408 2192 585 2271 adulescentis
611 2208 671 2247 cum
695 2208 739 2248 res
761 2194 896 2249 universas
923 2200 981 2250 tum
1005 2196 1112 2268 poetica

106 2274 194 2331 studia
218 2284 246 2332 et
271 2276 384 2334 consilio
412 2284 439 2332 et
464 2275 634 2333 conciliandis
657 2275 769 2332 aliorum
796 2277 916 2332 amicitiis
947 2293 1110 2352 magnopere

105 2359 246 2416 adiuvisse.
285 2376 335 2428 nec
360 2358 452 2417 dubito
477 2361 541 2433 quin
562 2358 754 2432 elegantissimi
779 2368 807 2415 et
831 2361 997 2434 integerrimi
1020 2361 1110 2417 iudicii

107 2441 243 2507 familiari,
264 2444 340 2500 cuius
360 2443 432 2499 inter
446 2445 558 2500 virtutes
580 2443 752 2516 ‘incorrupta
771 2441 837 2498 fides
856 2443 979 2516 nudaque
995 2444 1108 2501 veritas'

104 2526 225 2599 insignes
251 2535 327 2583 erant
348 2524 424 2597 (Hor.
440 2526 464 2590 l,
481 2524 525 2596 1.),
553 2525 687 2597 Vergilius
709 2527 810 2598 pariter
831 2533 860 2581 ut
880 2524 1008 2581 Horatius
1024 2526 1070 2596 (ci.
1087 2544 1111 2584 a.

105 2624 133 2680 p.
160 2607 221 2664 438
242 2605 315 2681 sqq.)
342 2607 472 2680 quidquid
497 2608 642 2678 scripserat
667 2608 813 2662 carminum
839 2608 995 2679 priusquam
1022 2608 1110 2665 edere·

104 2682 295 2762 recitaverit2).
317 2689 465 2745 Aemilium
480 2703 587 2762 quoqne
601 2687 735 2744 Macrum
746 2688 858 2744 amioum
873 2689 929 2744 eius
945 2688 1030 2746 luisse
1045 2693 1110 2748 satis

108 2766 255 2846 consuti),
272 2788 431 2848 quamquam
443 2771 487 2829 ubi
503 2771 676 2845 cognoverit,
691 2771 825 2828 Romaene
841 2788 873 2827 an
888 2773 916 2828 in
927 2770 1008 2830 Callia
1025 2781 1110 2830 trans·

107 2857 222 2932 padana,
242 2859 385 2914 nescimus.
422 2863 449 2912 at
470 2872 484 2911 a
505 2854 578 2910 Furii
592 2853 708 2912 Bibaculi
724 2855 918 2912 consuetudine
939 2855 1110 2916 abhorruisse

174 3052 194 3118 ¹)
215 3054 258 3108 Of.
276 3056 368 3106 Aaron
385 3053 421 3104 ad
439 3056 505 3106 Hor.
525 3053 544 3104 1.
563 3053 581 3103 1.
598 3069 624 3107 v.
644 3055 658 3103 1
677 3055 793 3118 ‘quidam
816 3060 898 3105 autem
914 3056 1024 3117 fratrem
1045 3056 1110 3106 Ver-

104 3122 160 3186 gilii
175 3122 239 3172 launa
256 3124 341 3174 uolunt
357 3125 434 3173 esse)

172 3186 194 3252 ¹)
213 3188 257 3240 ct.
276 3191 309 3240 L.
330 3188 466 3240 Schwabii
484 3191 601 3254 quaesti.
621 3185 722 3237 Catuli.
735 3189 784 3239 289
797 3201 854 3252 sqq.
880 3189 936 3238 ‘laic
957 3194 1015 3238 crat
1034 3187 1108 3248 Quin·

105 3255 172 3304 tilius
187 3255 273 3306 Varus
286 3256 472 3320 Cremonensis,
491 3258 582 3306 amicus
598 3253 717 3319 Vergilii,
737 3269 812 3319 eques
829 3255 969 3307 Romanus’
987 3255 1108 3319 Porphy-

105 3322 165 3371 rion
182 3321 218 3372 ad
236 3324 303 3375 Hor.
322 3338 347 3376 a.
366 3339 392 3387 p.
408 3325 468 3374 438.
493 3322 641 3400 ‘Quintilius
660 3321 832 3373 Cremonensis
853 3321 961 3385 Verptlii
977 3328 1002 3371 et
1019 3319 1108 3374 Hora·

104 3393 134 3437 m
148 3388 426 3522 [118311ιέιῖιῖἶὲηοῖἔὲςὲ
437 3388 857 3522 qqqs‘olngffgcqqqqnayssuqqagen)
871 3456 962 3506 ‘diuisa
974 3459 1025 3516 est,
1045 3445 1059 3499 1
1070 3445 1110 3500 t't‘.
