2400 3878
134 212 175 274 bt)
421 222 564 268 venenu
586 220 787 268 auonmcon
811 222 849 267 111

134 380 255 446 lemina,
280 395 334 436 nec
356 394 509 436 nemorum
532 377 640 453 patitur
662 379 827 434 memmisse
849 392 904 435 uec
924 374 1037 436 herbae

133 462 267 524 dulcibus
288 459 335 519 illa
357 460 475 537 quidem
496 458 667 525 inlecebris,
691 467 719 518 et
741 477 827 535 saepe
849 457 992 535 superbos

134 544 273 607 cornibus
295 546 369 603 lnter
392 561 423 602 se
446 542 553 620 subigit
574 543 734 603 decernere
756 544 887 602 amantis.

133 630 262 708 pascitur
284 629 312 686 in
335 643 438 702 magna
462 624 520 685 Sila
542 626 689 685 lormonsa
711 628 845 686 iuvenca:

135 713 174 772 illi
197 711 373 772 alternantes
395 708 484 770 multa
507 709 534 767 vi
556 708 666 786 proelia
688 711 812 769 miscent

134 795 302 856 volneribus
325 793 453 862 crebris,
476 792 544 852 lavit
565 801 628 853 ater
651 810 775 869 corpora
798 795 924 869 sanguis,

135 898 277 958 versaque
298 881 327 938 in
350 877 473 937 obnixos
495 884 638 953 urgentur
661 894 770 936 cornua
792 885 871 936 vasto

136 981 203 1024 cum
224 963 343 1039 gemitu,
367 960 490 1020 reboant
511 959 657 1038 silvaeque
679 968 707 1021 et
728 959 833 1036 longus
855 961 1004 1039 Olympus.

136 1065 191 1106 nec
213 1064 277 1106 mos
298 1042 430 1105 bellantis
451 1062 509 1105 una
531 1043 691 1112 stabulare,
714 1043 766 1104 sed
780 1043 852 1104 alter

138 1131 227 1190 rictus
248 1128 322 1197 abit,
346 1126 490 1205 longeque
513 1129 618 1203 ignotis
640 1125 736 1188 exulat
758 1129 825 1188 oris.

137 1211 224 1274 multa
246 1230 366 1290 gemens
389 1213 575 1288 ignominiam
598 1211 756 1289 plagasque
778 1211 897 1288 superbi

137 1298 268 1366 victoris,
291 1304 353 1356 tum
376 1313 449 1373 qnos
471 1296 566 1354 amisit
588 1295 696 1355 inultus
719 1313 846 1371 amores,

138 1388 166 1440 ct
187 1379 300 1441 stabula
322 1388 476 1457 aspectans
498 1380 596 1454 regnis
619 1380 742 1439 excessit
763 1380 858 1439 avitis:

138 1482 208 1543 ergo
230 1466 308 1524 omni
331 1482 400 1524 cura
423 1463 491 1522 viris
514 1470 644 1532 exercet,
668 1469 696 1522 et
716 1463 791 1522 inter

137 1548 210 1609 dura
233 1550 307 1608 iacet
329 1549 432 1626 pernix
454 1548 575 1606 instrato
598 1564 665 1606 saxa
689 1545 777 1606 cubili

138 1631 292 1692 frondibus
313 1632 434 1692 birsutis
455 1639 483 1691 et
505 1632 601 1691 carice
622 1637 723 1708 pastus
745 1638 837 1698 acuta,

138 1722 167 1774 et
189 1722 310 1792 temptat
332 1733 410 1781 sese,
433 1722 520 1791 atque
543 1715 629 1773 irasci
650 1714 680 1773 in
702 1730 813 1772 cornua
836 1715 920 1774 discit

137 1798 252 1858 arboris
274 1797 398 1858 obnixus
421 1803 539 1865 trunco,
563 1803 721 1873 ventosque
743 1795 857 1856 lacessit

138 1881 257 1951 ictibus,
282 1888 310 1940 et
331 1898 432 1957 sparsa
454 1880 491 1940 ad
512 1895 641 1957 pugnam
663 1876 791 1955 proludit
811 1879 931 1940 harena.

136 1972 203 2042 post
223 1965 274 2026 ubi
297 1963 450 2024 collectum
471 1961 563 2022 robor
587 1964 719 2040 viresque
741 1963 877 2032 relectae,

137 2049 219 2124 signa
241 2056 351 2115 movet,
374 2064 574 2125 praecepsque
596 2045 717 2106 oblitum
740 2047 831 2107 lertur
853 2049 883 2107 in
904 2048 1034 2107 hostem:

138 2131 242 2191 fluctus
264 2134 324 2201 uti,
347 2132 443 2191 medio
466 2131 561 2208 coepit
583 2148 649 2189 cum
672 2128 822 2192 albescere
844 2139 942 2208 ponto,

137 2214 252 2293 longius
274 2234 310 2276 ex
332 2214 448 2293 altoque
470 2215 565 2274 sinum
587 2214 690 2283 trahit,
714 2222 803 2292 utque
824 2214 939 2276 volutus

138 2298 174 2359 ad
197 2307 291 2359 terras
313 2301 440 2359 immane
462 2306 546 2358 sonat
566 2316 619 2375 per
642 2316 710 2358 saxa
733 2316 828 2377 neque
850 2299 913 2376 ipso

137 2390 236 2442 monte
258 2385 354 2443 minor
375 2381 554 2458 procumbit,
578 2389 607 2442 at
628 2383 684 2442 ima
708 2389 856 2442 exaestuat
877 2382 954 2443 unda
1097 2391 1158 2448 uo

138 2466 296 2527 vorticibus
317 2468 488 2545 nigramque
511 2464 567 2526 alte
589 2466 731 2527 subiectat
753 2466 902 2526 harenam.

180 2550 273 2610 Omne
295 2551 367 2613 adeo
390 2568 482 2628 genus
504 2553 533 2610 in
556 2552 643 2612 terris
665 2551 873 2628 bominumque
895 2550 1096 2627 ferarumque,
1190 2586 1196 2591 —

138 2642 166 2695 et
188 2651 281 2710 genus
302 2653 496 2714 aequoreum,
519 2637 647 2713 pecudes
668 2637 821 2712 pictaeque
843 2632 984 2703 volucres,

138 2719 167 2779 in
189 2718 280 2779 furias
302 2721 456 2797 ignemque
478 2727 581 2780 ruunt:
604 2721 694 2779 Amor
716 2717 851 2777 omnibus
873 2716 959 2776 idem.

137 2807 270 2877 tempore
292 2819 351 2861 non
373 2801 430 2860 alio
452 2802 615 2862 catulorum
638 2800 726 2861 oblita
748 2800 849 2860 leaena
1096 2809 1156 2867 24⁶

138 2885 250 2943 saevior
273 2885 379 2944 erravit
400 2885 528 2959 campis,
551 2902 606 2944 nec
629 2885 732 2944 lunera
754 2883 838 2960 volgo

137 2973 195 3025 tam
219 2965 309 3026 multa
330 2965 471 3025 informes
492 2967 554 3026 ursi
576 2974 762 3043 stragemque
784 2966 892 3026 dedere

137 3066 191 3126 per
213 3047 313 3116 silvas:
341 3056 403 3109 tum
426 3067 527 3109 saevos
549 3067 635 3126 aper,
658 3058 720 3110 tum
741 3051 866 3127 pessima
888 3051 986 3128 tigris:

137 3131 195 3192 beu
217 3131 292 3192 male
314 3139 374 3192 tum
396 3131 503 3212 Libyae
526 3131 594 3191 solis
617 3141 732 3194 erratur
753 3135 782 3192 in
805 3135 892 3209 agris.
1097 3143 1156 3202 w

137 3217 200 3292 ipse
223 3218 281 3276 ruit
303 3216 463 3295 dentesque
486 3215 647 3277 Sabellicus
670 3219 783 3278 exacuit
805 3236 863 3284 sus,
1096 3230 1154 3285 nse

139 3305 167 3358 et
188 3299 262 3376 pede
285 3301 448 3380 prosubigit
470 3308 594 3370 terram,
618 3300 703 3361 fricat
724 3299 830 3361 arbore
853 3310 958 3369 costas,

138 3389 224 3460 atque
246 3382 314 3444 binc
335 3392 423 3464 atque
444 3385 522 3446 illinc
544 3402 661 3445 umeros
683 3385 720 3445 ad
741 3382 860 3443 volnera
878 3385 973 3444 durat.

137 3467 206 3545 quid
228 3465 327 3546 lynces
348 3470 457 3530 bacchi
479 3471 575 3530 variae
597 3476 626 3529 et
646 3485 739 3544 genus
761 3484 829 3526 acre
850 3467 987 3546 luporum
1098 3477 1155 3537 m
