2400 3878
152 207 207 255 uu
535 168 749 250 ‘eesnrarro

153 368 216 420 rate
245 357 373 419 testabor
402 359 432 418 in
461 357 596 417 editionis
623 357 744 416 maioris
772 354 920 414 volumine
947 354 1063 432 quinto,
1097 371 1156 432 quo

155 441 347 521 appendicem
364 440 558 519 vergilianam
581 438 837 518 comprehendam.
876 437 927 498 sed
950 455 1024 496 nova
1047 454 1085 496 ne
1108 444 1157 496 aut

155 524 312 605 superbius
332 528 477 605 sprevisse
492 533 541 584 aut
559 522 761 600 neglegentius
782 525 934 600 ignorasse
948 519 1057 588 ridear,
1081 537 1157 598 quae

154 611 184 668 in
214 611 383 686 nuperrima
412 608 539 669 editione
562 606 701 666 ‘delectu'
728 605 778 666 illa
800 608 909 666 ‘variae
936 604 1082 664 lectionis’
1112 604 1157 662 in·

155 699 264 753 structa
296 691 455 752 Ladevious
483 689 605 751 contulit
638 689 674 750 ad
702 688 916 749 emendandum
945 695 1057 748 textum
1083 685 1158 746 haec

155 778 320 854 expiscatus
355 793 434 844 sum,
469 791 594 851 quorum
627 775 657 834 in
690 775 765 833 meis
797 773 1015 832 commentariis
1032 771 1158 836 ,mentio

155 859 284 919 nondum
307 857 381 918 tacta
404 860 450 918 sit.
487 859 516 916 in
540 857 592 918 eol.
610 856 672 918 Vlll
694 854 733 916 11
757 857 882 916 coniecit
902 859 934 916 ia
957 861 986 915 te
1007 855 1159 920 desinam:

154 960 199 1020 ge.
224 942 261 1002 lv
276 937 339 1001 244
360 943 493 1019 spurium
514 940 614 1001 ridere
636 938 803 1000 dubitanter
826 939 1013 1016 significavit;
1035 933 1096 996 447
1113 952 1160 994 nre

153 1043 208 1103 pro
233 1032 261 1085 te
283 1023 473 1085 scribendum
496 1041 561 1085 esse
584 1025 747 1102 suspicatus
769 1028 826 1090 est;
856 1023 927 1082 Aen.
952 1021 964 1080 Ι
986 1017 1005 1081 8
1029 1019 1161 1097 Scioppii

155 1109 358 1168 coniecturam
387 1111 471 1168 laeso
494 1113 523 1168 et
547 1107 585 1168 lll
607 1103 669 1168 579
690 1122 733 1182 sq.
756 1106 886 1166 Meisteri
907 1104 1004 1164 Aetna
1029 1105 1160 1178 inposita

154 1192 184 1250 in
210 1197 320 1252 textum
344 1193 465 1269 recepit.
511 1208 547 1251 ex
569 1189 675 1268 quibus
696 1188 768 1249 mibi
792 1197 889 1248 tamen
911 1186 984 1246 nihil
1006 1185 1159 1265 probatur.

157 1292 234 1354 quae
257 1281 353 1334 autem
376 1276 407 1333 in
429 1272 638 1352 opusculorum
660 1279 742 1333 textu
763 1271 807 1333 rel
830 1268 1067 1331 adnotationibus
1089 1285 1159 1346 pro·

156 1359 220 1436 pria
242 1358 297 1416 viri
320 1356 399 1417 docti
420 1363 502 1426 sunt,
527 1356 575 1416 bic
597 1365 629 1416 ut
651 1363 749 1417 cetera
772 1356 869 1416 omnia
891 1354 987 1413 sciens
1009 1361 1101 1413 taceo.

240 1440 323 1501 Notis
357 1441 481 1510 criticis,
515 1439 616 1519 quales
644 1439 776 1501 Valerius
803 1437 917 1501 Probus
943 1436 1072 1514 Vergilio
1104 1452 1160 1495 suc

156 1523 308 1603 adposuit,
338 1523 383 1584 rel
412 1523 536 1586 ornandi
563 1523 609 1583 vel
637 1522 779 1584 onerandi
804 1522 884 1583 hunc
907 1519 1015 1582 librum
1037 1517 1168 1590 consilio¹

154 1607 295 1677 abstinui,
326 1625 363 1666 ne
391 1606 596 1686 scrupulorum
623 1607 700 1667 mole
728 1608 760 1666 in
787 1605 916 1667 medium
938 1606 1069 1664 coniecta
1093 1600 1160 1662 abs-

153 1697 267 1749 terrere
303 1691 396 1766 magis
435 1689 579 1750 lectorum
612 1692 725 1749 animos
756 1705 842 1765 quam
876 1687 995 1748 allicere
1026 1686 1159 1754 viderer;

157 1788 333 1851 quamquam
360 1789 480 1850 prorsus
507 1771 564 1831 illis
593 1790 695 1832 carere
717 1788 776 1830 non
806 1773 897 1850 potui.
942 1788 1010 1830 narn
1032 1768 1161 1830 notanda

157 1861 242 1916 eraut
272 1861 301 1915 et
328 1873 402 1933 quae
424 1855 561 1915 secundis
583 1857 661 1915 curis
683 1872 699 1915 a
725 1859 811 1932 poeta
834 1854 929 1915 addita
951 1855 1058 1913 necin
1081 1852 1159 1913 ordi-

155 1956 224 1999 nem
251 1939 320 1999 satis
350 1936 427 1998 bene
454 1940 562 1999 inserta
592 1955 655 1998 esse
683 1938 796 1998 conicio
824 1944 853 1998 et
880 1937 915 1998 ad
948 1936 1159 2015 dittographias

156 2023 269 2082 animus
302 2020 498 2081 advertendus
526 2028 555 2081 et
587 2019 759 2100 expellenda
787 2028 870 2081 erant
901 2019 1157 2100 interpolamenta.

157 2123 227 2182 ergo
250 2122 324 2183 quae
347 2106 442 2183 ipsum
463 2112 580 2183 poetam
602 2103 761 2183 exemplari
783 2122 835 2165 suo
852 2104 999 2166 addidisse
1015 2105 1157 2184 suspicor,

156 2186 280 2249 stellulis
302 2183 319 2222 *
341 2187 477 2257 distinxi,
501 2187 537 2248 ab
560 2186 625 2248 aliis
645 2187 820 2267 interpolata
841 2189 926 2250 uncis
950 2186 964 2268 [
1006 2183 1017 2272 ]
1041 2187 1156 2256 in'clusl,

157 2270 370 2349 dittograpbias
392 2272 476 2332 uncis
498 2269 614 2332 stellula
636 2273 729 2332 auctis
751 2271 768 2310 *
791 2270 806 2352 [
848 2273 861 2351 ]
884 2273 989 2333 notari.

240 2354 384 2415 Praemisi
406 2371 493 2434 quam
509 2362 695 2434 exoptaverat
710 2355 880 2434 redemptor
897 2355 933 2416 de
950 2356 1006 2415 rita
1022 2361 1051 2416 et
1065 2355 1157 2434 serip-

157 2439 194 2499 tis
216 2437 337 2515 Vergilii
365 2439 654 2508 commentationem,
683 2457 770 2517 quam
797 2445 830 2500 ut
856 2457 908 2499 sua
935 2438 1060 2518 quadam
1091 2438 1159 2500 dote

159 2523 247 2583 etiam
270 2521 363 2583 doctis
384 2521 553 2584 hominibus
575 2521 812 2584 commendarem
833 2523 1069 2586 testimoniorum
1084 2524 1159 2585 anti·

157 2623 283 2685 quorum
317 2607 400 2685 copia
431 2613 463 2667 ut
498 2607 576 2668 volui
613 2606 731 2684 quidem
767 2608 881 2686 integra
917 2609 1052 2669 instruxi.
1106 2607 1159 2668 sed

157 2689 250 2750 multa
273 2706 348 2766 quae
374 2691 406 2750 in
432 2691 651 2771 prolegomenis
674 2692 843 2770 nuperrime
865 2693 1011 2769 copiosius
1039 2692 1159 2752 tractari

156 2772 204 2833 hic
226 2772 355 2832 breviter
377 2771 553 2834 adumbrare
575 2773 621 2834 vel
644 2781 762 2850 tangere
784 2775 855 2833 satis
877 2772 981 2842 habui;
1005 2773 1041 2834 de
1063 2775 1158 2836 mino·

157 2854 239 2915 ribus
262 2854 440 2916 carminibus
456 2873 530 2935 quae
551 2855 671 2934 Vergilii
692 2857 810 2916 nomine
831 2857 966 2917 teruntur
987 2857 1160 2937 propediem

157 2938 187 2998 in
215 2938 384 3017 appendicis
410 2940 561 3018 prooemio
590 2938 742 3000 disseram.
786 2947 879 3001 artem
901 2959 971 3002 vero
994 2950 1023 3003 et
1049 2939 1157 3013 stilum,

157 3023 308 3099 ingenium
331 3028 359 3081 et
382 3021 545 3083 doctrinam
570 3030 674 3103 poetae
696 3024 782 3101 digne
805 3023 943 3085 laudandi
965 3031 1051 3103 atque
1074 3043 1159 3087 enar·

155 3104 243 3165 randi
270 3105 359 3166 alium
383 3124 470 3186 spero
497 3105 593 3167 locum
616 3109 708 3184 magis
735 3106 872 3170 idoneum
894 3127 963 3169 mox
991 3108 1089 3170 datum
1110 3110 1157 3170 iri

215 3188 369 3334 rlrrplioem
397 3192 549 3251 nominum
580 3190 763 3252 Christianus
794 3189 960 3270 Lirtjohann
987 3192 1159 3254 Ploenensis

157 3289 213 3333 con
228 3290 272 3333 eor
286 3320 293 3335 .
