<?xml version="1.0" encoding="UTF-8"?>
<!DOCTYPE html PUBLIC "-//W3C//DTD XHTML 1.0 Transitional//EN"
    "http://www.w3.org/TR/xhtml1/DTD/xhtml1-transitional.dtd">
<html xmlns="http://www.w3.org/1999/xhtml" xml:lang="en" lang="en">
 <head>
  <title>
</title>
<meta http-equiv="Content-Type" content="text/html;charset=utf-8" />
  <meta name='ocr-system' content='tesseract 3.04.00' />
  <meta name='ocr-capabilities' content='ocr_page ocr_carea ocr_par ocr_line ocrx_word'/>
</head>
<body>
  <div class='ocr_page' id='page_1' title='image "./operainusumscho00virggoog_0009.png"; bbox 0 0 2400 3878; ppageno 0'>
   <div class='ocr_carea' id='block_1_1' title="bbox 277 611 855 690">
    <p class='ocr_par' dir='ltr' id='par_1_1' title="bbox 277 611 855 690">
     <span class='ocr_line' id='line_1_1' title="bbox 277 611 855 690; baseline 0.003 -4"><span class='ocrx_word' id='word_1_1' title='bbox 277 614 347 688; x_wconf 85' lang='lat' dir='ltr'>DE</span> <span class='ocrx_word' id='word_1_2' title='bbox 375 612 501 690; x_wconf 86' lang='lat' dir='ltr'><strong>VITA</strong></span> <span class='ocrx_word' id='word_1_3' title='bbox 527 614 595 689; x_wconf 84' lang='lat' dir='ltr'>ET</span> <span class='ocrx_word' id='word_1_4' title='bbox 624 611 855 690; x_wconf 80' lang='lat' dir='ltr'>SCRIPTIS</span> 
     </span>
    </p>
   </div>
   <div class='ocr_carea' id='block_1_2' title="bbox 191 779 930 1016">
    <p class='ocr_par' dir='ltr' id='par_1_2' title="bbox 191 779 930 1016">
     <span class='ocr_line' id='line_1_2' title="bbox 191 779 930 858; baseline 0 -1"><span class='ocrx_word' id='word_1_5' title='bbox 191 783 232 857; x_wconf 90' lang='lat' dir='ltr'>P.</span> <span class='ocrx_word' id='word_1_6' title='bbox 261 779 577 858; x_wconf 79' lang='lat' dir='ltr'>VERGILI</span> <span class='ocrx_word' id='word_1_7' title='bbox 611 780 930 858; x_wconf 83' lang='lat' dir='ltr'>MARONIS</span> 
     </span>
     <span class='ocr_line' id='line_1_3' title="bbox 408 934 720 1016; baseline -0.003 0"><span class='ocrx_word' id='word_1_8' title='bbox 408 934 720 1016; x_wconf 81' lang='lat' dir='ltr'><strong>NARRA&#39;HO.</strong></span> 
     </span>
    </p>
   </div>
   <div class='ocr_carea' id='block_1_3' title="bbox 57 1122 1074 3197">
    <p class='ocr_par' dir='ltr' id='par_1_3' title="bbox 57 1122 1073 2449">
     <span class='ocr_line' id='line_1_4' title="bbox 142 1122 1073 1199; baseline -0.002 -20"><span class='ocrx_word' id='word_1_9' title='bbox 142 1122 178 1180; x_wconf 80' lang='lat' dir='ltr'>ue</span> <span class='ocrx_word' id='word_1_10' title='bbox 193 1125 246 1180; x_wconf 89' lang='lat' dir='ltr'>vita</span> <span class='ocrx_word' id='word_1_11' title='bbox 261 1133 289 1181; x_wconf 93' lang='lat' dir='ltr'>et</span> <span class='ocrx_word' id='word_1_12' title='bbox 302 1125 409 1197; x_wconf 89' lang='lat' dir='ltr'>scriptis</span> <span class='ocrx_word' id='word_1_13' title='bbox 422 1123 532 1199; x_wconf 81' lang='lat' dir='ltr'>Vergilii</span> <span class='ocrx_word' id='word_1_14' title='bbox 547 1125 694 1183; x_wconf 87' lang='lat' dir='ltr'>narraturis</span> <span class='ocrx_word' id='word_1_15' title='bbox 710 1125 829 1199; x_wconf 87' lang='lat' dir='ltr'>inprimis</span> <span class='ocrx_word' id='word_1_16' title='bbox 845 1130 969 1180; x_wconf 81' lang='lat' dir='ltr'>auctores</span> <span class='ocrx_word' id='word_1_17' title='bbox 985 1123 1073 1178; x_wconf 93' lang='lat' dir='ltr'>nomi·</span> 
     </span>
     <span class='ocr_line' id='line_1_5' title="bbox 58 1204 1072 1281; baseline -0.003 -19"><span class='ocrx_word' id='word_1_18' title='bbox 58 1205 139 1262; x_wconf 89' lang='lat' dir='ltr'>nandi</span> <span class='ocrx_word' id='word_1_19' title='bbox 159 1215 223 1264; x_wconf 91' lang='lat' dir='ltr'>sunt</span> <span class='ocrx_word' id='word_1_20' title='bbox 244 1208 423 1281; x_wconf 81' lang='lat' dir='ltr'>antiquissimi</span> <span class='ocrx_word' id='word_1_21' title='bbox 444 1206 474 1264; x_wconf 85' lang='lat' dir='ltr'>L.</span> <span class='ocrx_word' id='word_1_22' title='bbox 491 1208 611 1264; x_wconf 87' lang='lat' dir='ltr'>Varius</span> <span class='ocrx_word' id='word_1_23' title='bbox 633 1206 755 1280; x_wconf 83' lang='lat' dir='ltr'>(Quintil.</span> <span class='ocrx_word' id='word_1_24' title='bbox 771 1207 793 1263; x_wconf 90' lang='lat' dir='ltr'>X</span> <span class='ocrx_word' id='word_1_25' title='bbox 808 1206 841 1271; x_wconf 87' lang='lat'>3,</span> <span class='ocrx_word' id='word_1_26' title='bbox 864 1205 894 1279; x_wconf 80' lang='lat'>8)</span> <span class='ocrx_word' id='word_1_27' title='bbox 916 1213 943 1262; x_wconf 90' lang='lat' dir='ltr'>et</span> <span class='ocrx_word' id='word_1_28' title='bbox 963 1204 991 1261; x_wconf 82' lang='lat' dir='ltr'>(l.</span> <span class='ocrx_word' id='word_1_29' title='bbox 1007 1204 1072 1260; x_wconf 90' lang='lat' dir='ltr'>lle·</span> 
     </span>
     <span class='ocr_line' id='line_1_6' title="bbox 58 1287 1069 1365; baseline -0.003 -20"><span class='ocrx_word' id='word_1_30' title='bbox 58 1289 183 1354; x_wconf 77' lang='lat' dir='ltr'>liseur,</span> <span class='ocrx_word' id='word_1_31' title='bbox 197 1289 355 1348; x_wconf 78' lang='lat' dir='ltr'>Maecenatis</span> <span class='ocrx_word' id='word_1_32' title='bbox 371 1289 484 1347; x_wconf 90' lang='lat' dir='ltr'>libertus</span> <span class='ocrx_word' id='word_1_33' title='bbox 500 1289 628 1363; x_wconf 81' lang='lat' dir='ltr'>(Donatus</span> <span class='ocrx_word' id='word_1_34' title='bbox 644 1293 713 1348; x_wconf 88' lang='lat' dir='ltr'>vitae</span> <span class='ocrx_word' id='word_1_35' title='bbox 729 1309 755 1365; x_wconf 86' lang='lat' dir='ltr'>p.</span> <span class='ocrx_word' id='word_1_36' title='bbox 774 1289 813 1348; x_wconf 82' lang='lat'>58</span> <span class='ocrx_word' id='word_1_37' title='bbox 830 1288 848 1347; x_wconf 82' lang='lat'>5</span> <span class='ocrx_word' id='word_1_38' title='bbox 865 1287 923 1361; x_wconf 85' lang='lat' dir='ltr'>u),</span> <span class='ocrx_word' id='word_1_39' title='bbox 941 1296 968 1345; x_wconf 90' lang='lat' dir='ltr'>et</span> <span class='ocrx_word' id='word_1_40' title='bbox 984 1290 1007 1344; x_wconf 92' lang='lat' dir='ltr'>si</span> <span class='ocrx_word' id='word_1_41' title='bbox 1024 1289 1069 1361; x_wconf 92' lang='lat' dir='ltr'>qui</span> 
     </span>
     <span class='ocr_line' id='line_1_7' title="bbox 57 1370 1072 1448; baseline -0.002 -20"><span class='ocrx_word' id='word_1_42' title='bbox 57 1372 103 1428; x_wconf 89' lang='lat' dir='ltr'>alii</span> <span class='ocrx_word' id='word_1_43' title='bbox 124 1370 216 1428; x_wconf 76' lang='lat' dir='ltr'>‘amici</span> <span class='ocrx_word' id='word_1_44' title='bbox 237 1373 450 1446; x_wconf 83' lang='lat' dir='ltr'>familiaresque&#39;</span> <span class='ocrx_word' id='word_1_45' title='bbox 472 1376 524 1431; x_wconf 82' lang='lat' dir='ltr'>‘de</span> <span class='ocrx_word' id='word_1_46' title='bbox 539 1379 651 1448; x_wconf 76' lang='lat' dir='ltr'>ingenio</span> <span class='ocrx_word' id='word_1_47' title='bbox 667 1373 865 1446; x_wconf 83' lang='lat' dir='ltr'>moribusque&#39;</span> <span class='ocrx_word' id='word_1_48' title='bbox 888 1379 983 1446; x_wconf 87' lang='lat' dir='ltr'>poetae</span> <span class='ocrx_word' id='word_1_49' title='bbox 999 1387 1072 1427; x_wconf 88' lang='lat' dir='ltr'>com·</span> 
     </span>
     <span class='ocr_line' id='line_1_8' title="bbox 59 1453 1069 1531; baseline -0.002 -20"><span class='ocrx_word' id='word_1_50' title='bbox 59 1456 243 1511; x_wconf 89' lang='lat' dir='ltr'>mentatisunt</span> <span class='ocrx_word' id='word_1_51' title='bbox 254 1455 367 1527; x_wconf 85' lang='lat' dir='ltr'>(Gellius</span> <span class='ocrx_word' id='word_1_52' title='bbox 379 1456 447 1512; x_wconf 86' lang='lat' dir='ltr'>XVII</span> <span class='ocrx_word' id='word_1_53' title='bbox 460 1457 513 1515; x_wconf 86' lang='lat'>10:</span> <span class='ocrx_word' id='word_1_54' title='bbox 529 1457 589 1513; x_wconf 89' lang='lat' dir='ltr'>vide</span> <span class='ocrx_word' id='word_1_55' title='bbox 600 1457 726 1531; x_wconf 88' lang='lat' dir='ltr'>prolegg.</span> <span class='ocrx_word' id='word_1_56' title='bbox 740 1472 798 1512; x_wconf 90' lang='lat' dir='ltr'>mea</span> <span class='ocrx_word' id='word_1_57' title='bbox 809 1456 901 1512; x_wconf 89' lang='lat' dir='ltr'>critica</span> <span class='ocrx_word' id='word_1_58' title='bbox 916 1472 942 1527; x_wconf 88' lang='lat' dir='ltr'>p.</span> <span class='ocrx_word' id='word_1_59' title='bbox 957 1453 1069 1527; x_wconf 88' lang='lat' dir='ltr'>88sq.).</span> 
     </span>
     <span class='ocr_line' id='line_1_9' title="bbox 58 1538 1072 1614; baseline -0.001 -20"><span class='ocrx_word' id='word_1_60' title='bbox 58 1555 121 1594; x_wconf 82' lang='lat' dir='ltr'>mox</span> <span class='ocrx_word' id='word_1_61' title='bbox 142 1555 203 1596; x_wconf 90' lang='lat' dir='ltr'>cum</span> <span class='ocrx_word' id='word_1_62' title='bbox 219 1540 442 1612; x_wconf 80' lang='lat' dir='ltr'>obtrectatores,</span> <span class='ocrx_word' id='word_1_63' title='bbox 464 1541 576 1596; x_wconf 75' lang='lat' dir='ltr'>manime</span> <span class='ocrx_word' id='word_1_64' title='bbox 592 1542 638 1614; x_wconf 93' lang='lat' dir='ltr'>qui</span> <span class='ocrx_word' id='word_1_65' title='bbox 652 1538 749 1596; x_wconf 72' lang='lat' dir='ltr'>‘vitia&#39;</span> <span class='ocrx_word' id='word_1_66' title='bbox 771 1540 828 1595; x_wconf 91' lang='lat' dir='ltr'>eius</span> <span class='ocrx_word' id='word_1_67' title='bbox 850 1544 1007 1611; x_wconf 87' lang='lat' dir='ltr'>persecutus</span> <span class='ocrx_word' id='word_1_68' title='bbox 1029 1545 1072 1593; x_wconf 89' lang='lat' dir='ltr'>est</span> 
     </span>
     <span class='ocr_line' id='line_1_10' title="bbox 58 1621 1071 1697; baseline -0.001 -20"><span class='ocrx_word' id='word_1_69' title='bbox 58 1622 226 1680; x_wconf 81' lang='lat' dir='ltr'>Herennius</span> <span class='ocrx_word' id='word_1_70' title='bbox 241 1621 371 1696; x_wconf 85' lang='lat' dir='ltr'>(Donatus</span> <span class='ocrx_word' id='word_1_71' title='bbox 387 1623 455 1680; x_wconf 90' lang='lat' dir='ltr'>vitae</span> <span class='ocrx_word' id='word_1_72' title='bbox 469 1640 496 1697; x_wconf 91' lang='lat' dir='ltr'>p.</span> <span class='ocrx_word' id='word_1_73' title='bbox 511 1622 558 1687; x_wconf 82' lang='lat'>65,</span> <span class='ocrx_word' id='word_1_74' title='bbox 573 1623 637 1696; x_wconf 80' lang='lat'>21),</span> <span class='ocrx_word' id='word_1_75' title='bbox 653 1622 791 1681; x_wconf 88' lang='lat' dir='ltr'>calumniis</span> <span class='ocrx_word' id='word_1_76' title='bbox 807 1622 962 1677; x_wconf 85' lang='lat' dir='ltr'>memoriam</span> <span class='ocrx_word' id='word_1_77' title='bbox 978 1622 1071 1694; x_wconf 94' lang='lat' dir='ltr'>optimi</span> 
     </span>
     <span class='ocr_line' id='line_1_11' title="bbox 57 1704 1071 1780; baseline 0 -21"><span class='ocrx_word' id='word_1_78' title='bbox 57 1706 108 1761; x_wconf 85' lang='lat' dir='ltr'>viri</span> <span class='ocrx_word' id='word_1_79' title='bbox 122 1705 293 1780; x_wconf 88' lang='lat' dir='ltr'>polluissent,</span> <span class='ocrx_word' id='word_1_80' title='bbox 311 1704 342 1774; x_wconf 84' lang='lat'>0.</span> <span class='ocrx_word' id='word_1_81' title='bbox 359 1707 533 1763; x_wconf 74' lang='lat' dir='ltr'>Asconius</span> <span class='ocrx_word' id='word_1_82' title='bbox 548 1706 719 1762; x_wconf 87' lang='lat' dir='ltr'>Pedianus</span> <span class='ocrx_word' id='word_1_83' title='bbox 736 1706 833 1768; x_wconf 79' lang='lat' dir='ltr'>estitit,</span> <span class='ocrx_word' id='word_1_84' title='bbox 850 1707 895 1778; x_wconf 91' lang='lat' dir='ltr'>qui</span> <span class='ocrx_word' id='word_1_85' title='bbox 912 1720 1071 1778; x_wconf 88' lang='lat' dir='ltr'>quamquam</span> 
     </span>
     <span class='ocr_line' id='line_1_12' title="bbox 59 1787 1071 1865; baseline 0.001 -23"><span class='ocrx_word' id='word_1_86' title='bbox 59 1789 154 1863; x_wconf 88' lang='lat' dir='ltr'>viginti</span> <span class='ocrx_word' id='word_1_87' title='bbox 170 1788 227 1846; x_wconf 87' lang='lat' dir='ltr'>iere</span> <span class='ocrx_word' id='word_1_88' title='bbox 242 1798 305 1864; x_wconf 89' lang='lat' dir='ltr'>post</span> <span class='ocrx_word' id='word_1_89' title='bbox 321 1797 436 1846; x_wconf 87' lang='lat' dir='ltr'>mortem</span> <span class='ocrx_word' id='word_1_90' title='bbox 453 1790 564 1865; x_wconf 81' lang='lat' dir='ltr'>Vergilii</span> <span class='ocrx_word' id='word_1_91' title='bbox 579 1797 658 1847; x_wconf 89' lang='lat' dir='ltr'>natus</span> <span class='ocrx_word' id='word_1_92' title='bbox 673 1788 754 1862; x_wconf 87' lang='lat' dir='ltr'>(circa</span> <span class='ocrx_word' id='word_1_93' title='bbox 769 1805 868 1845; x_wconf 91' lang='lat' dir='ltr'>annum</span> <span class='ocrx_word' id='word_1_94' title='bbox 884 1787 965 1861; x_wconf 81' lang='lat'>756),</span> <span class='ocrx_word' id='word_1_95' title='bbox 982 1795 1071 1844; x_wconf 87' lang='lat' dir='ltr'>tamen</span> 
     </span>
     <span class='ocr_line' id='line_1_13' title="bbox 58 1866 1072 1948; baseline -0.002 -20"><span class='ocrx_word' id='word_1_96' title='bbox 58 1871 172 1929; x_wconf 87' lang='lat' dir='ltr'>testibus</span> <span class='ocrx_word' id='word_1_97' title='bbox 187 1875 378 1948; x_wconf 78' lang='lat' dir='ltr'>ususoptimis</span> <span class='ocrx_word' id='word_1_98' title='bbox 394 1890 454 1931; x_wconf 90' lang='lat' dir='ltr'>cum</span> <span class='ocrx_word' id='word_1_99' title='bbox 469 1874 537 1938; x_wconf 87' lang='lat' dir='ltr'>illis,</span> <span class='ocrx_word' id='word_1_100' title='bbox 560 1890 676 1948; x_wconf 92' lang='lat' dir='ltr'>quorum</span> <span class='ocrx_word' id='word_1_101' title='bbox 691 1874 799 1930; x_wconf 86' lang='lat' dir='ltr'>nomina</span> <span class='ocrx_word' id='word_1_102' title='bbox 814 1866 904 1946; x_wconf 57' lang='lat' dir='ltr'>supra*</span> <span class='ocrx_word' id='word_1_103' title='bbox 914 1873 1072 1928; x_wconf 90' lang='lat' dir='ltr'>memoravi·</span> 
     </span>
     <span class='ocr_line' id='line_1_14' title="bbox 58 1955 1071 2030; baseline -0.002 -18"><span class='ocrx_word' id='word_1_104' title='bbox 58 1971 126 2019; x_wconf 90' lang='lat' dir='ltr'>mus,</span> <span class='ocrx_word' id='word_1_105' title='bbox 143 1963 200 2013; x_wconf 88' lang='lat' dir='ltr'>turn</span> <span class='ocrx_word' id='word_1_106' title='bbox 215 1956 273 2013; x_wconf 89' lang='lat' dir='ltr'>aliis</span> <span class='ocrx_word' id='word_1_107' title='bbox 288 1955 432 2014; x_wconf 87' lang='lat' dir='ltr'>maioribus</span> <span class='ocrx_word' id='word_1_108' title='bbox 447 1965 512 2014; x_wconf 87' lang='lat' dir='ltr'>natu</span> <span class='ocrx_word' id='word_1_109' title='bbox 527 1957 688 2022; x_wconf 84' lang='lat' dir='ltr'>hominibus,</span> <span class='ocrx_word' id='word_1_110' title='bbox 705 1959 751 2030; x_wconf 92' lang='lat' dir='ltr'>qui</span> <span class='ocrx_word' id='word_1_111' title='bbox 766 1958 854 2011; x_wconf 92' lang='lat' dir='ltr'>vivum</span> <span class='ocrx_word' id='word_1_112' title='bbox 869 1957 948 2012; x_wconf 88' lang='lat' dir='ltr'>etiam</span> <span class='ocrx_word' id='word_1_113' title='bbox 964 1962 1071 2028; x_wconf 90' lang='lat' dir='ltr'>poetam</span> 
     </span>
     <span class='ocr_line' id='line_1_15' title="bbox 57 2037 1071 2115; baseline -0.003 -20"><span class='ocrx_word' id='word_1_114' title='bbox 57 2040 198 2096; x_wconf 89' lang='lat' dir='ltr'>novissent</span> <span class='ocrx_word' id='word_1_115' title='bbox 222 2039 447 2115; x_wconf 85' lang='lat' dir='ltr'>sermonibusque</span> <span class='ocrx_word' id='word_1_116' title='bbox 475 2041 560 2114; x_wconf 89' lang='lat' dir='ltr'>qualis</span> <span class='ocrx_word' id='word_1_117' title='bbox 587 2041 686 2097; x_wconf 86' lang='lat' dir='ltr'>luisset</span> <span class='ocrx_word' id='word_1_118' title='bbox 712 2055 818 2096; x_wconf 87' lang='lat' dir='ltr'>narrare</span> <span class='ocrx_word' id='word_1_119' title='bbox 840 2039 974 2101; x_wconf 86' lang='lat' dir='ltr'>solerent.</span> <span class='ocrx_word' id='word_1_120' title='bbox 1001 2037 1071 2094; x_wconf 92' lang='lat' dir='ltr'>libro</span> 
     </span>
     <span class='ocr_line' id='line_1_16' title="bbox 58 2122 1072 2199; baseline -0.004 -20"><span class='ocrx_word' id='word_1_121' title='bbox 58 2129 161 2180; x_wconf 85' lang='lat' dir='ltr'>contro</span> <span class='ocrx_word' id='word_1_122' title='bbox 179 2124 388 2182; x_wconf 80' lang='lat' dir='ltr'>obtrectatores</span> <span class='ocrx_word' id='word_1_123' title='bbox 413 2125 530 2198; x_wconf 76' lang='lat' dir='ltr'>Vergilii</span> <span class='ocrx_word' id='word_1_124' title='bbox 542 2127 644 2199; x_wconf 91' lang='lat' dir='ltr'>scripto</span> <span class='ocrx_word' id='word_1_125' title='bbox 660 2131 688 2180; x_wconf 90' lang='lat' dir='ltr'>et</span> <span class='ocrx_word' id='word_1_126' title='bbox 708 2139 797 2180; x_wconf 89' lang='lat' dir='ltr'>mores</span> <span class='ocrx_word' id='word_1_127' title='bbox 814 2130 841 2178; x_wconf 89' lang='lat' dir='ltr'>et</span> <span class='ocrx_word' id='word_1_128' title='bbox 861 2130 945 2178; x_wconf 92' lang='lat' dir='ltr'>artem</span> <span class='ocrx_word' id='word_1_129' title='bbox 961 2123 1019 2177; x_wconf 90' lang='lat' dir='ltr'>eius</span> <span class='ocrx_word' id='word_1_130' title='bbox 1034 2122 1072 2176; x_wconf 86' lang='lat' dir='ltr'>ita</span> 
     </span>
     <span class='ocr_line' id='line_1_17' title="bbox 57 2204 1072 2282; baseline -0.001 -22"><span class='ocrx_word' id='word_1_131' title='bbox 57 2204 231 2271; x_wconf 79' lang='lat' dir='ltr'>detenderet,</span> <span class='ocrx_word' id='word_1_132' title='bbox 259 2215 290 2263; x_wconf 95' lang='lat' dir='ltr'>ut</span> <span class='ocrx_word' id='word_1_133' title='bbox 315 2224 350 2264; x_wconf 88' lang='lat' dir='ltr'>ne</span> <span class='ocrx_word' id='word_1_134' title='bbox 378 2216 529 2282; x_wconf 92' lang='lat' dir='ltr'>temporum</span> <span class='ocrx_word' id='word_1_135' title='bbox 551 2208 673 2281; x_wconf 88' lang='lat' dir='ltr'>quidem,</span> <span class='ocrx_word' id='word_1_136' title='bbox 701 2206 797 2280; x_wconf 89' lang='lat' dir='ltr'>quibus</span> <span class='ocrx_word' id='word_1_137' title='bbox 819 2205 927 2279; x_wconf 87' lang='lat' dir='ltr'>singula</span> <span class='ocrx_word' id='word_1_138' title='bbox 947 2212 1072 2279; x_wconf 87' lang='lat' dir='ltr'>poemata</span> 
     </span>
     <span class='ocr_line' id='line_1_18' title="bbox 58 2288 1072 2364; baseline 0 -21"><span class='ocrx_word' id='word_1_139' title='bbox 58 2288 194 2347; x_wconf 88' lang='lat' dir='ltr'>elaborata</span> <span class='ocrx_word' id='word_1_140' title='bbox 215 2291 341 2364; x_wconf 86' lang='lat' dir='ltr'>editaque</span> <span class='ocrx_word' id='word_1_141' title='bbox 365 2298 471 2354; x_wconf 87' lang='lat' dir='ltr'>essent,</span> <span class='ocrx_word' id='word_1_142' title='bbox 492 2293 645 2348; x_wconf 89' lang='lat' dir='ltr'>notationes</span> <span class='ocrx_word' id='word_1_143' title='bbox 666 2297 944 2364; x_wconf 81' lang='lat' dir='ltr'>argumentorumque</span> <span class='ocrx_word' id='word_1_144' title='bbox 965 2304 1072 2345; x_wconf 90' lang='lat' dir='ltr'>enarra·</span> 
     </span>
     <span class='ocr_line' id='line_1_19' title="bbox 62 2368 853 2449; baseline 0 -22"><span class='ocrx_word' id='word_1_145' title='bbox 62 2375 164 2430; x_wconf 91' lang='lat' dir='ltr'>tionem</span> <span class='ocrx_word' id='word_1_146' title='bbox 179 2374 338 2449; x_wconf 80' lang='lat' dir='ltr'>neglegeret</span> <span class='ocrx_word' id='word_1_147' title='bbox 352 2373 423 2448; x_wconf 87' lang='lat' dir='ltr'>(ride</span> <span class='ocrx_word' id='word_1_148' title='bbox 437 2374 562 2449; x_wconf 89' lang='lat' dir='ltr'>prolegg.</span> <span class='ocrx_word' id='word_1_149' title='bbox 577 2393 605 2449; x_wconf 75' lang='lat' dir='ltr'>p¹</span> <span class='ocrx_word' id='word_1_150' title='bbox 622 2374 673 2432; x_wconf 85' lang='grc'>89.</span> <span class='ocrx_word' id='word_1_151' title='bbox 692 2373 752 2432; x_wconf 89' lang='grc'>100</span> <span class='ocrx_word' id='word_1_152' title='bbox 766 2368 853 2448; x_wconf 85' lang='lat' dir='ltr'>sqq).</span> 
     </span>
    </p>

    <p class='ocr_par' dir='ltr' id='par_1_4' title="bbox 59 2450 1074 3197">
     <span class='ocr_line' id='line_1_20' title="bbox 144 2450 1072 2531; baseline -0.004 -18"><span class='ocrx_word' id='word_1_153' title='bbox 144 2456 224 2513; x_wconf 83' lang='lat' dir='ltr'>Novit</span> <span class='ocrx_word' id='word_1_154' title='bbox 244 2465 334 2514; x_wconf 88' lang='lat' dir='ltr'>autem</span> <span class='ocrx_word' id='word_1_155' title='bbox 349 2457 497 2531; x_wconf 89' lang='lat' dir='ltr'>Vergilium</span> <span class='ocrx_word' id='word_1_156' title='bbox 517 2457 549 2513; x_wconf 87' lang='lat' dir='ltr'>ab</span> <span class='ocrx_word' id='word_1_157' title='bbox 566 2457 659 2514; x_wconf 89' lang='lat' dir='ltr'>Ovidio</span> <span class='ocrx_word' id='word_1_158' title='bbox 680 2455 724 2529; x_wconf 81' lang='lat' dir='ltr'>(ax</span> <span class='ocrx_word' id='word_1_159' title='bbox 738 2456 826 2512; x_wconf 91' lang='lat' dir='ltr'>Ponto</span> <span class='ocrx_word' id='word_1_160' title='bbox 841 2455 874 2511; x_wconf 94' lang='lat' dir='ltr'>lV</span> <span class='ocrx_word' id='word_1_161' title='bbox 891 2456 944 2517; x_wconf 84' lang='lat'>16,</span> <span class='ocrx_word' id='word_1_162' title='bbox 963 2455 1000 2511; x_wconf 88' lang='lat'>11</span> <span class='ocrx_word' id='word_1_163' title='bbox 1017 2450 1072 2526; x_wconf 87' lang='lat' dir='ltr'>sq.)</span> 
     </span>
     <span class='ocr_line' id='line_1_21' title="bbox 60 2537 1072 2612; baseline -0.006 -16"><span class='ocrx_word' id='word_1_164' title='bbox 60 2538 165 2596; x_wconf 90' lang='lat' dir='ltr'>modice</span> <span class='ocrx_word' id='word_1_165' title='bbox 180 2539 304 2595; x_wconf 90' lang='lat' dir='ltr'>laudatus</span> <span class='ocrx_word' id='word_1_166' title='bbox 318 2547 399 2612; x_wconf 89' lang='lat' dir='ltr'>poeta</span> <span class='ocrx_word' id='word_1_167' title='bbox 411 2541 502 2612; x_wconf 88' lang='lat' dir='ltr'>eplcus</span> <span class='ocrx_word' id='word_1_168' title='bbox 518 2546 546 2595; x_wconf 91' lang='lat' dir='ltr'>ct</span> <span class='ocrx_word' id='word_1_169' title='bbox 561 2540 696 2611; x_wconf 85' lang='lat' dir='ltr'>elegiacus</span> <span class='ocrx_word' id='word_1_170' title='bbox 707 2540 801 2595; x_wconf 82' lang='lat' dir='ltr'>Iulius</span> <span class='ocrx_word' id='word_1_171' title='bbox 813 2538 977 2607; x_wconf 82' lang='lat' dir='ltr'>Montanus,</span> <span class='ocrx_word' id='word_1_172' title='bbox 995 2537 1072 2591; x_wconf 90' lang='lat' dir='ltr'>cuius</span> 
     </span>
     <span class='ocr_line' id='line_1_22' title="bbox 60 2618 1072 2694; baseline -0.005 -16"><span class='ocrx_word' id='word_1_173' title='bbox 60 2623 95 2680; x_wconf 92' lang='lat' dir='ltr'>dc</span> <span class='ocrx_word' id='word_1_174' title='bbox 117 2623 276 2678; x_wconf 89' lang='lat' dir='ltr'>suavissima</span> <span class='ocrx_word' id='word_1_175' title='bbox 296 2620 368 2678; x_wconf 89' lang='lat' dir='ltr'>illins</span> <span class='ocrx_word' id='word_1_176' title='bbox 384 2638 450 2678; x_wconf 91' lang='lat' dir='ltr'>voce</span> <span class='ocrx_word' id='word_1_177' title='bbox 470 2621 570 2678; x_wconf 87' lang='lat' dir='ltr'>dr&#39;ctum</span> <span class='ocrx_word' id='word_1_178' title='bbox 592 2620 727 2694; x_wconf 87' lang='lat' dir='ltr'>quoddam</span> <span class='ocrx_word' id='word_1_179' title='bbox 747 2618 785 2692; x_wconf 93' lang='lat' dir='ltr'>(in</span> <span class='ocrx_word' id='word_1_180' title='bbox 800 2620 895 2676; x_wconf 83' lang='lat' dir='ltr'>Donati</span> <span class='ocrx_word' id='word_1_181' title='bbox 910 2621 963 2675; x_wconf 87' lang='lat' dir='ltr'>vita</span> <span class='ocrx_word' id='word_1_182' title='bbox 977 2637 1004 2693; x_wconf 94' lang='lat' dir='ltr'>p.</span> <span class='ocrx_word' id='word_1_183' title='bbox 1023 2618 1072 2681; x_wconf 87' lang='grc'>61,</span> 
     </span>
     <span class='ocr_line' id='line_1_23' title="bbox 64 2702 1073 2778; baseline -0.009 -13"><span class='ocrx_word' id='word_1_184' title='bbox 64 2707 82 2765; x_wconf 89' lang='grc'><strong>6</strong></span> <span class='ocrx_word' id='word_1_185' title='bbox 97 2704 142 2778; x_wconf 86' lang='lat' dir='ltr'>ll.)</span> <span class='ocrx_word' id='word_1_186' title='bbox 158 2722 214 2763; x_wconf 93' lang='lat' dir='ltr'>non</span> <span class='ocrx_word' id='word_1_187' title='bbox 228 2704 322 2761; x_wconf 90' lang='lat' dir='ltr'>dubito</span> <span class='ocrx_word' id='word_1_188' title='bbox 338 2708 403 2778; x_wconf 91' lang='lat' dir='ltr'>quin</span> <span class='ocrx_word' id='word_1_189' title='bbox 418 2705 488 2762; x_wconf 90' lang='lat' dir='ltr'>idem</span> <span class='ocrx_word' id='word_1_190' title='bbox 499 2704 600 2762; x_wconf 86' lang='lat' dir='ltr'>Seneca</span> <span class='ocrx_word' id='word_1_191' title='bbox 614 2705 709 2761; x_wconf 90' lang='lat' dir='ltr'>rhetor</span> <span class='ocrx_word' id='word_1_192' title='bbox 724 2703 875 2770; x_wconf 88' lang='lat' dir='ltr'>tradiderit,</span> <span class='ocrx_word' id='word_1_193' title='bbox 892 2704 938 2777; x_wconf 94' lang='lat' dir='ltr'>qui</span> <span class='ocrx_word' id='word_1_194' title='bbox 953 2702 1073 2759; x_wconf 90' lang='lat' dir='ltr'>eiusdem</span> 
     </span>
     <span class='ocr_line' id='line_1_24' title="bbox 59 2786 1074 2863; baseline -0.004 -17"><span class='ocrx_word' id='word_1_195' title='bbox 59 2789 178 2847; x_wconf 89' lang='lat' dir='ltr'>llontanl</span> <span class='ocrx_word' id='word_1_196' title='bbox 198 2790 232 2846; x_wconf 90' lang='lat' dir='ltr'>de</span> <span class='ocrx_word' id='word_1_197' title='bbox 247 2789 405 2863; x_wconf 88' lang='lat' dir='ltr'>Vergilianis</span> <span class='ocrx_word' id='word_1_198' title='bbox 427 2789 566 2845; x_wconf 88' lang='lat' dir='ltr'>versiculis</span> <span class='ocrx_word' id='word_1_199' title='bbox 587 2786 745 2862; x_wconf 90' lang='lat' dir='ltr'>quibusdam</span> <span class='ocrx_word' id='word_1_200' title='bbox 765 2787 893 2844; x_wconf 90' lang='lat' dir='ltr'>iudicium</span> <span class='ocrx_word' id='word_1_201' title='bbox 914 2789 942 2844; x_wconf 92' lang='lat' dir='ltr'>in</span> <span class='ocrx_word' id='word_1_202' title='bbox 962 2794 1074 2844; x_wconf 90' lang='lat' dir='ltr'>contro·</span> 
     </span>
     <span class='ocr_line' id='line_1_25' title="bbox 60 2870 1073 2947; baseline -0.006 -16"><span class='ocrx_word' id='word_1_203' title='bbox 60 2874 208 2931; x_wconf 85' lang='lat' dir='ltr'>versiarum</span> <span class='ocrx_word' id='word_1_204' title='bbox 230 2871 299 2929; x_wconf 89' lang='lat' dir='ltr'>libro</span> <span class='ocrx_word' id='word_1_205' title='bbox 320 2872 364 2927; x_wconf 96' lang='lat' dir='ltr'>Vll</span> <span class='ocrx_word' id='word_1_206' title='bbox 383 2891 410 2947; x_wconf 93' lang='lat' dir='ltr'>p.</span> <span class='ocrx_word' id='word_1_207' title='bbox 429 2872 488 2930; x_wconf 80' lang='lat'>195</span> <span class='ocrx_word' id='word_1_208' title='bbox 504 2873 533 2940; x_wconf 87' lang='lat' dir='ltr'>B.</span> <span class='ocrx_word' id='word_1_209' title='bbox 557 2873 784 2929; x_wconf 87' lang='lat' dir='ltr'>commemoravit.</span> <span class='ocrx_word' id='word_1_210' title='bbox 821 2870 962 2927; x_wconf 90' lang='lat' dir='ltr'>tradidisse</span> <span class='ocrx_word' id='word_1_211' title='bbox 983 2879 1073 2926; x_wconf 91' lang='lat' dir='ltr'>autem</span> 
     </span>
     <span class='ocr_line' id='line_1_26' title="bbox 60 2955 1073 3031; baseline -0.006 -16"><span class='ocrx_word' id='word_1_212' title='bbox 60 2957 140 3015; x_wconf 80' lang='lat' dir='ltr'>facile</span> <span class='ocrx_word' id='word_1_213' title='bbox 160 2963 253 3031; x_wconf 89' lang='lat' dir='ltr'>potest</span> <span class='ocrx_word' id='word_1_214' title='bbox 273 2957 301 3011; x_wconf 96' lang='lat' dir='ltr'>in</span> <span class='ocrx_word' id='word_1_215' title='bbox 316 2956 459 3031; x_wconf 90' lang='lat' dir='ltr'>deperdito</span> <span class='ocrx_word' id='word_1_216' title='bbox 474 2957 565 3030; x_wconf 86' lang='lat' dir='ltr'>aliquo</span> <span class='ocrx_word' id='word_1_217' title='bbox 585 2955 681 3012; x_wconf 76' lang='lat' dir='ltr'>huum</span> <span class='ocrx_word' id='word_1_218' title='bbox 695 2957 812 3029; x_wconf 87' lang='lat' dir='ltr'>ipsarum</span> <span class='ocrx_word' id='word_1_219' title='bbox 828 2955 1073 3012; x_wconf 89' lang='lat' dir='ltr'>controversiarum</span> 
     </span>
     <span class='ocr_line' id='line_1_27' title="bbox 60 3033 1074 3114; baseline -0.005 -17"><span class='ocrx_word' id='word_1_220' title='bbox 60 3041 130 3098; x_wconf 90' lang='lat' dir='ltr'>libro</span> <span class='ocrx_word' id='word_1_221' title='bbox 139 3033 168 3114; x_wconf 92' lang='lat'>¹).</span> <span class='ocrx_word' id='word_1_222' title='bbox 199 3047 339 3114; x_wconf 90' lang='lat' dir='ltr'>praeterea</span> <span class='ocrx_word' id='word_1_223' title='bbox 353 3039 460 3096; x_wconf 90' lang='lat' dir='ltr'>ridetur</span> <span class='ocrx_word' id='word_1_224' title='bbox 474 3040 606 3096; x_wconf 78' lang='lat' dir='ltr'>Asconius</span> <span class='ocrx_word' id='word_1_225' title='bbox 627 3055 693 3095; x_wconf 91' lang='lat' dir='ltr'>usus</span> <span class='ocrx_word' id='word_1_226' title='bbox 708 3055 768 3095; x_wconf 88' lang='lat' dir='ltr'>esse</span> <span class='ocrx_word' id='word_1_227' title='bbox 784 3039 908 3096; x_wconf 77' lang='lat' dir='ltr'>Cornelii</span> <span class='ocrx_word' id='word_1_228' title='bbox 928 3036 1027 3110; x_wconf 81' lang='lat' dir='ltr'>(Galli,</span> <span class='ocrx_word' id='word_1_229' title='bbox 1045 3038 1074 3092; x_wconf 88' lang='lat' dir='ltr'>nl</span> 
     </span>
     <span class='ocr_line' id='line_1_28' title="bbox 59 3122 1072 3197; baseline -0.005 -16"><span class='ocrx_word' id='word_1_230' title='bbox 59 3125 152 3187; x_wconf 77' lang='lat' dir='ltr'>fallor,</span> <span class='ocrx_word' id='word_1_231' title='bbox 176 3125 375 3180; x_wconf 84' lang='lat' dir='ltr'>familiarissimi</span> <span class='ocrx_word' id='word_1_232' title='bbox 390 3123 509 3197; x_wconf 89' lang='lat' dir='ltr'>Vergilio</span> <span class='ocrx_word' id='word_1_233' title='bbox 531 3122 640 3196; x_wconf 89' lang='lat' dir='ltr'>poetae)</span> <span class='ocrx_word' id='word_1_234' title='bbox 660 3123 703 3178; x_wconf 87' lang='lat' dir='ltr'>vel</span> <span class='ocrx_word' id='word_1_235' title='bbox 723 3123 839 3178; x_wconf 83' lang='lat' dir='ltr'>carmine</span> <span class='ocrx_word' id='word_1_236' title='bbox 854 3123 896 3178; x_wconf 90' lang='lat' dir='ltr'>vel</span> <span class='ocrx_word' id='word_1_237' title='bbox 917 3137 997 3194; x_wconf 90' lang='lat' dir='ltr'>prosa</span> <span class='ocrx_word' id='word_1_238' title='bbox 1013 3137 1072 3176; x_wconf 89' lang='lat' dir='ltr'>ora·</span> 
     </span>
    </p>
   </div>
   <div class='ocr_carea' id='block_1_4' title="bbox 58 3282 1075 3484">
    <p class='ocr_par' dir='ltr' id='par_1_5' title="bbox 58 3282 1075 3484">
     <span class='ocr_line' id='line_1_29' title="bbox 128 3282 1072 3352; baseline -0.006 -16"><span class='ocrx_word' id='word_1_239' title='bbox 128 3285 148 3349; x_wconf 90' lang='lat'>¹)</span> <span class='ocrx_word' id='word_1_240' title='bbox 168 3285 210 3337; x_wconf 80' lang='lat' dir='ltr'>of.</span> <span class='ocrx_word' id='word_1_241' title='bbox 230 3301 300 3352; x_wconf 86' lang='lat' dir='ltr'>quae</span> <span class='ocrx_word' id='word_1_242' title='bbox 325 3285 357 3336; x_wconf 85' lang='lat' dir='ltr'>de</span> <span class='ocrx_word' id='word_1_243' title='bbox 378 3285 489 3337; x_wconf 82' lang='lat' dir='ltr'>Aurelio</span> <span class='ocrx_word' id='word_1_244' title='bbox 512 3286 600 3336; x_wconf 83' lang='lat' dir='ltr'>Fusco</span> <span class='ocrx_word' id='word_1_245' title='bbox 617 3282 735 3349; x_wconf 86' lang='lat' dir='ltr'>Vergilii</span> <span class='ocrx_word' id='word_1_246' title='bbox 758 3284 896 3334; x_wconf 83' lang='lat' dir='ltr'>imitatore</span> <span class='ocrx_word' id='word_1_247' title='bbox 924 3288 1072 3332; x_wconf 87' lang='lat' dir='ltr'>narrantur</span> 
     </span>
     <span class='ocr_line' id='line_1_30' title="bbox 58 3349 1075 3420; baseline -0.006 -17"><span class='ocrx_word' id='word_1_248' title='bbox 58 3369 84 3420; x_wconf 86' lang='lat' dir='ltr'>p.</span> <span class='ocrx_word' id='word_1_249' title='bbox 107 3355 140 3404; x_wconf 79' lang='lat'>20</span> <span class='ocrx_word' id='word_1_250' title='bbox 163 3367 202 3418; x_wconf 85' lang='lat' dir='ltr'>sq.</span> <span class='ocrx_word' id='word_1_251' title='bbox 216 3355 246 3406; x_wconf 86' lang='lat' dir='ltr'>B.</span> <span class='ocrx_word' id='word_1_252' title='bbox 281 3352 355 3418; x_wconf 91' lang='lat' dir='ltr'>apud</span> <span class='ocrx_word' id='word_1_253' title='bbox 382 3352 574 3418; x_wconf 88' lang='lat' dir='ltr'>philosophum</span> <span class='ocrx_word' id='word_1_254' title='bbox 591 3351 725 3402; x_wconf 79' lang='lat' dir='ltr'>Senecam</span> <span class='ocrx_word' id='word_1_255' title='bbox 751 3365 806 3400; x_wconf 90' lang='lat' dir='ltr'>non</span> <span class='ocrx_word' id='word_1_256' title='bbox 834 3354 909 3401; x_wconf 89' lang='lat' dir='ltr'>recte</span> <span class='ocrx_word' id='word_1_257' title='bbox 933 3349 1075 3415; x_wconf 78' lang='lat' dir='ltr'>quaesivit</span> 
     </span>
     <span class='ocr_line' id='line_1_31' title="bbox 59 3418 620 3484; baseline -0.005 -14"><span class='ocrx_word' id='word_1_258' title='bbox 59 3421 95 3471; x_wconf 87' lang='lat' dir='ltr'>H.</span> <span class='ocrx_word' id='word_1_259' title='bbox 114 3420 214 3484; x_wconf 81' lang='lat' dir='ltr'>Hagen</span> <span class='ocrx_word' id='word_1_260' title='bbox 225 3418 260 3470; x_wconf 88' lang='lat' dir='ltr'>&#39;in</span> <span class='ocrx_word' id='word_1_261' title='bbox 277 3419 372 3472; x_wconf 88' lang='lat' dir='ltr'>adnot.</span> <span class='ocrx_word' id='word_1_262' title='bbox 389 3419 425 3470; x_wconf 86' lang='lat' dir='ltr'>ad</span> <span class='ocrx_word' id='word_1_263' title='bbox 442 3420 547 3471; x_wconf 84' lang='lat' dir='ltr'>Donati</span> <span class='ocrx_word' id='word_1_264' title='bbox 565 3419 584 3469; x_wconf 93' lang='lat' dir='ltr'>l.</span> <span class='ocrx_word' id='word_1_265' title='bbox 602 3418 620 3468; x_wconf 93' lang='lat' dir='ltr'>l.</span> 
     </span>
    </p>
   </div>
   <div class='ocr_carea' id='block_1_5' title="bbox 0 0 1208 3878">
    <p class='ocr_par' dir='ltr' id='par_1_6' title="bbox 0 0 1208 3878">
     <span class='ocr_line' id='line_1_32' title="bbox 0 0 1208 3878; baseline 0 0"><span class='ocrx_word' id='word_1_266' title='bbox 0 0 1208 3878; x_wconf 95' lang='lat' dir='ltr'> </span> 
     </span>
    </p>
   </div>
  </div>
 </body>
</html>
