2400 3878
125 187 166 250 36
424 197 567 244 vnnomr
591 196 825 246 ononorcour

15 371 309 439 Β’,μ..ι’(μιιοιιιιιφιεε
330 350 378 412 illa
399 350 492 412 levem
514 349 628 427 fugiens
649 360 728 412 secat
749 354 867 415 aethera
889 355 993 433 pinnis.

15 428 102 507 pot*
124 456 193 500 ecco
215 438 349 497 inimicus
370 441 454 494 atrox
475 451 582 511 magno
603 436 729 497 stridore
750 454 804 515 per
825 454 912 498 auras

15 511 101 591 poc·
123 522 285 598 insequitur
307 518 410 586 Nisus;
433 536 490 597 qua
511 536 543 578 se
564 518 621 578 lert
642 518 728 580 Nisus
750 521 786 580 ad
808 538 904 585 auras.

15 597 93 678 μ’,
123 603 171 664 illa
193 602 286 664 levem
308 603 422 680 fugiens
442 603 549 680 raptim
571 608 650 662 secat
671 603 789 664 aethera
810 605 915 681 pinnis.

122 681 185 748 tum
206 686 330 765 liquidas
353 686 432 745 corvi
453 702 555 763 presso
577 692 622 745 ter
644 693 762 762 gutture
783 705 870 748 voces
1079 701 1135 754 410

123 779 172 832 aut
194 778 297 849 quater
319 769 511 846 ingeminant,
535 775 563 829 et
584 786 671 847 saepe
694 768 838 831 cubilibus
859 771 923 831 altis

122 855 221 914 nescio
244 871 300 931 qua
321 859 438 930 praeter
460 851 578 912 solitum
598 851 752 913 dulcedine
773 853 841 914 laeti

121 939 197 998 inter
219 954 251 997 sc
272 938 302 996 in
324 935 399 996 loliis
420 937 588 1014 strepitant;
610 937 689 996 iuvat
709 936 853 997 imbribus
874 938 945 997 actis
1006 939 1013 950 '

121 1021 292 1099 progeniem
313 1037 433 1098 parvam
456 1019 606 1098 dulcisque
627 1021 755 1081 revisere
776 1020 874 1080 nidos:

121 1104 192 1164 baut
213 1103 348 1182 equidem
371 1103 473 1171 credo,
497 1104 563 1180 quia
586 1104 623 1164 sit
645 1103 779 1164 divinitus
801 1103 857 1164 illis
1076 1115 1131 1170 415

120 1187 270 1264 ingenium
292 1194 342 1247 aut
363 1204 464 1247 rerum
486 1187 545 1246 lato
567 1186 722 1263 prudentia
743 1188 851 1255 maior;

58 1316 66 1341 1
121 1288 223 1331 verum
245 1270 296 1331 ubi
317 1275 473 1347 tempestas
496 1276 525 1329 et
546 1269 618 1330 caeli
639 1269 754 1329 mobilis
775 1287 861 1330 umor

16 1354 71 1387 *¹⁴*
120 1362 270 1414 mutavere
291 1354 368 1414 vices
390 1360 419 1414 et
440 1351 569 1430 luppiter
592 1353 695 1413 uvidus
717 1355 823 1414 austris

121 1437 223 1499 denset
245 1444 328 1498 erant
350 1455 424 1516 quae
445 1454 513 1497 rara
534 1437 639 1506 modo,
662 1443 691 1497 et
712 1454 787 1515 quae
809 1437 898 1498 densa
920 1437 1039 1505 relaxat,

121 1529 274 1581 vertuntur
296 1522 408 1599 species
430 1522 610 1590 animorum,
633 1527 662 1581 et
682 1528 802 1599 pectora
824 1529 921 1582 motus
1075 1532 1131 1586 420

119 1621 199 1664 nune
220 1604 306 1673 alios,
332 1603 403 1664 alios
425 1605 495 1665 dum
516 1604 617 1664 nubila
638 1611 742 1664 ventus
763 1604 876 1681 agebat,

120 1687 302 1764 concipiunt:
325 1687 394 1746 binc
415 1686 463 1747 ille
485 1688 580 1746 avium
602 1693 762 1747 concentus
783 1689 813 1745 in
835 1689 912 1763 agris

119 1774 148 1828 et
168 1768 260 1830 laetae
276 1769 410 1848 pecudes
432 1776 461 1828 et
482 1775 601 1827 ovantes
622 1776 740 1844 gutture
763 1771 850 1828 corvi.

65 1829 130 1878 ι’·
162 1851 192 1912 Si
213 1870 283 1912 vcro
305 1851 396 1911 solem
419 1851 456 1911 ad
478 1850 613 1927 rapidum
634 1849 776 1928 lunasque
797 1858 952 1927 sequentes

119 1935 221 1996 ordine
242 1935 389 2013 respicies,
412 1951 572 2011 numquam
593 1940 622 1993 te
645 1934 769 1993 crastina
791 1932 870 1992 fallet
1073 1946 1128 2002 425

118 2017 206 2088 bora,
229 2036 324 2096 neque
346 2018 455 2078 insidiis
476 2018 571 2076 noctis
593 2017 708 2094 capiere
729 2033 860 2076 serenae.

119 2100 202 2170 luna,
226 2108 407 2163 revertentes
428 2118 517 2178 quom
538 2100 666 2177 primum
689 2098 797 2176 colligit
817 2101 901 2176 ignis,

117 2185 142 2244 si
162 2186 279 2262 nigrum
301 2177 428 2245 obscuro
452 2184 668 2261 comprenderit
689 2187 757 2244 aera
780 2200 882 2252 cornu,

117 2285 270 2328 maxumus
292 2265 427 2344 agricolis
448 2265 610 2345 pelagoque
631 2266 783 2346 parabitur
804 2267 915 2328 imber!

117 2357 147 2410 at
167 2351 191 2410 si
213 2351 375 2428 virgineum
397 2350 550 2411 suffuderit
574 2368 626 2411 ore
647 2351 798 2421 ruborem,
1071 2364 1125 2420 aad

116 2439 219 2494 ventus
240 2435 313 2503 erit;
336 2441 422 2494 vento
444 2451 560 2511 semper
582 2434 670 2496 rubet
691 2452 780 2496 aurea
802 2434 922 2496 Phoebe

116 2517 160 2576 sin
184 2525 249 2577 ortu
273 2524 376 2597 quarto
400 2517 534 2598 (namque
556 2519 580 2577 is
603 2520 782 2579 certissimus
804 2521 915 2598 auctor)

116 2617 190 2678 pura
212 2619 307 2681 neque
330 2601 462 2662 obtunsis
483 2618 537 2679 per
559 2601 673 2662 caelum
695 2602 835 2664 cornibus
856 2602 916 2672 ibit,

115 2689 194 2744 totus
216 2693 246 2746 et
266 2684 313 2746 ille
336 2686 397 2746 dies
420 2693 448 2745 et
471 2687 520 2764 qui
542 2694 699 2748 nascentur
722 2687 757 2747 ab
785 2685 833 2747 illo

117 2774 251 2828 exactum
274 2769 310 2829 ad
332 2787 463 2830 mensem
485 2768 581 2845 pluvia
602 2772 753 2849 ventisque
775 2770 925 2837 carebunt,
1070 2779 1123 2838 435

117 2857 242 2928 votaque
265 2854 372 2912 servati
394 2852 506 2912 solvent
527 2854 557 2912 in
580 2853 665 2915 litore
686 2859 791 2914 nautae

116 2933 226 2995 Glauco
249 2940 278 2994 et
298 2935 452 3012 Panopeae
474 2942 503 2996 et
524 2935 596 2995 lnoo
618 2937 791 2997 Melicertac.

115 3016 159 3076 sol
181 3034 297 3094 quoque
320 3024 348 3078 ct
370 3020 505 3080 exoriens
528 3027 557 3079 ct
579 3039 646 3080 cum
667 3037 699 3081 se
721 3017 826 3079 condet
848 3017 878 3076 in
901 3014 1002 3085 undas,

115 3101 197 3177 signa
219 3099 313 3169 dabit;
336 3101 428 3162 solem
451 3103 610 3163 certissima
632 3104 713 3179 signa
735 3107 883 3168 secuntur,

116 3189 145 3242 et
167 3201 241 3261 quae
264 3201 349 3245 mane
371 3186 463 3246 refert
485 3192 513 3246 et
535 3205 610 3264 quae
632 3183 819 3261 surgentibus
840 3183 978 3269 astris-V
1068 3195 1122 3250 440

116 3263 161 3327 ille
184 3266 235 3326 ubi
257 3276 427 3328 nascentem
448 3269 569 3329 maculis
591 3268 743 3330 variaverit
764 3273 860 3327 ortum

118 3349 249 3409 conditus
270 3352 300 3410 in
322 3352 431 3412 nubem
453 3352 607 3430 medioque
628 3350 770 3428 refugerit
791 3350 873 3421 orbe,

115 3434 243 3512 suspecti
264 3434 317 3495 tibi
338 3437 395 3496 sint
416 3435 535 3505 imbres;
558 3452 684 3514 namque
706 3441 793 3511 urget
815 3435 850 3495 ab
874 3435 930 3496 alto
