2400 3878
371 211 514 260 venenu
537 208 738 258 eucnemon
759 209 813 255 1111

88 375 116 426 ct
136 367 245 444 liquida
266 375 295 427 et
316 367 424 427 durum
449 365 553 425 bacehi
575 364 720 424 domitura
741 379 883 438 saporem-

128 453 165 509 st
186 468 274 527 quom
296 450 407 509 incerta
429 447 525 508 volant
547 447 686 524 caeloque
708 444 839 505 examina
861 442 973 512 ludunt,

87 539 333 610 contemnuntque
355 533 434 592 favos
456 538 485 592 et
506 531 611 607 frigida
632 536 708 589 tecta
729 527 904 605 relinquent,

85 615 226 675 instabilis
248 617 359 676 animos
381 615 450 676 ludo
472 613 643 692 prohibebis
664 612 750 672 inani.

85 717 139 760 nec
161 716 282 775 magnus
303 698 462 776 prohibere
483 697 581 757 labor:
604 705 636 756 tu
656 695 776 772 regibus
798 694 858 754 alas

85 783 182 860 eripe;
205 800 264 841 non
285 781 341 842 illis
363 783 517 860 quisquam
539 779 741 840 cunctantibus
757 773 851 838 altum

83 865 127 925 ire
148 866 204 925 iter
225 871 275 926 aut
297 866 401 925 castris
422 864 540 924 audebit
561 862 668 923 vellere
689 863 779 940 signa.

84 947 204 1008 invitent
226 950 336 1009 croceis
358 948 489 1008 halantes
511 946 633 1006 floribus
655 946 741 1014 horti,

84 1038 113 1092 et
134 1039 232 1092 custos
254 1032 353 1093 furum
375 1041 462 1109 atque
484 1030 579 1091 avium
602 1048 669 1090 cum
691 1029 765 1089 falce
787 1026 896 1105 saligna
1042 1039 1093 1091 110

83 1114 306 1193 Hellespontiaci
327 1121 422 1176 servet
444 1114 533 1174 tutela
554 1114 660 1192 Priapi.

83 1200 145 1274 ipse
166 1198 298 1276 thymum
319 1200 461 1276 pinosque
483 1198 580 1258 ferens
602 1197 639 1257 de
660 1196 808 1258 montibus
829 1195 893 1256 altis

83 1289 157 1342 tecta
179 1290 258 1341 serat
278 1281 336 1342 late
357 1284 484 1351 circum,
508 1282 576 1359 quoi
597 1280 664 1341 talia
686 1299 788 1349 curae:

84 1365 145 1440 ipse
165 1364 268 1424 labore
289 1383 408 1425 manum
430 1365 504 1424 duro
526 1371 616 1432 terat,
639 1365 702 1441 ipse
724 1366 828 1425 feracis

84 1447 152 1523 ligat
173 1447 262 1507 humo
284 1446 397 1523 plantas
420 1455 448 1506 et
469 1448 578 1506 amicos
600 1448 706 1522 inriget
727 1446 838 1507 imbris.

123 1532 218 1608 Atque
240 1530 390 1606 equidem,
414 1536 544 1589 extremo
567 1529 596 1586 ni
616 1530 675 1588 iam
696 1528 750 1588 suh
769 1529 826 1589 fine
848 1527 981 1589 laborum

85 1613 144 1673 vela
165 1613 280 1673 traham
303 1619 331 1672 et
352 1614 438 1672 terris
459 1611 592 1670 festinem
614 1610 766 1672 advertere
788 1629 915 1688 proram,

82 1697 203 1757 forsitan
226 1704 268 1766 et,
291 1697 406 1773 pinguis
428 1694 529 1753 hortos
551 1713 625 1772 quae
648 1712 719 1754 cura
742 1694 854 1755 colendi

81 1786 213 1848 ornaret,
238 1797 388 1846 canerem,
411 1778 554 1855 biferique
575 1779 686 1837 rosaria
707 1779 811 1846 Paesti,

81 1881 197 1941 quoque
219 1863 306 1923 modo
328 1863 403 1940 potis
425 1861 585 1939 gauderent
606 1859 695 1920 intiba
718 1862 786 1921 rivis

81 1954 109 2006 et
130 1946 237 2006 virides
259 1946 323 2024 apio
345 1947 440 2023 ripae,
469 1952 622 2022 tortusque
643 1962 696 2021 per
718 1945 841 2005 herbam

81 2035 228 2089 cresceret
249 2031 279 2088 in
301 2035 432 2089 ventrem
455 2029 602 2096 cucumis3
625 2045 680 2088 neo
702 2047 767 2089 sera
789 2038 953 2090 comantem

80 2113 242 2174 narcissum
264 2119 314 2172 aut
334 2113 402 2172 flexi
424 2112 578 2171 tacuissem
601 2113 696 2171 vimen
718 2113 834 2172 acanthi

80 2194 272 2273 pallentisque
293 2194 419 2255 hederas
441 2203 470 2256 et
491 2195 614 2255 amantis
635 2194 720 2255 litora
742 2203 861 2274 myrtos.

80 2296 205 2357 namque
227 2278 281 2338 suh
305 2278 440 2339 Oebaliae
462 2280 580 2338 memini
602 2297 650 2339 me
671 2279 801 2340 turribus
823 2281 907 2348 arcis,

80 2380 136 2438 qua
158 2362 242 2439 niger
265 2368 392 2422 umectat
414 2360 546 2421 flaventia
568 2361 644 2422 culta
668 2360 815 2431 Galaesus,

80 2442 234 2521 Corycium
257 2445 361 2504 vidisse
383 2461 498 2512 senem,
521 2445 567 2503 cui
589 2462 681 2519 pauca
702 2445 796 2504 relicti

79 2527 180 2603 iugera
202 2527 280 2586 ruris
303 2535 400 2594 erant,
424 2544 479 2585 nec
501 2525 603 2584 fertilis
624 2526 671 2585 illa
693 2528 822 2587 iuvencis

80 2627 135 2668 nec
157 2607 256 2668 Cereri
278 2616 442 2685 opportuna
465 2624 548 2684 seges
569 2625 625 2667 nec
647 2608 799 2669 commoda
821 2609 946 2669 Baccho.

79 2691 128 2751 hic
149 2709 250 2751 rarum
272 2698 370 2751 tamen
391 2692 421 2750 in
445 2690 540 2749 dumis
561 2689 645 2749 holus
667 2689 791 2769 albaque
815 2693 925 2752 circum

78 2773 136 2835 lilia
159 2773 360 2852 verbenasque
382 2791 520 2852 premens
542 2791 718 2851 vescumque
740 2792 867 2852 papaver

78 2877 182 2937 regum
204 2857 349 2936 aequabat
371 2875 441 2935 opes
464 2858 579 2932 animis,
609 2875 733 2936 seraque
754 2865 904 2919 revertens

78 2949 164 3002 nocte
186 2943 306 3003 domurn
328 2942 451 3019 dapibus
472 2958 588 3001 mensas
609 2941 749 3001 onerabat
771 2942 915 3020 inemptis.

78 3027 190 3101 primus
210 3045 279 3086 vere
301 3043 398 3086 rosam
421 3032 508 3103 atque
529 3032 668 3084 autumno
691 3043 812 3102 carpere
833 3045 927 3104 poma,

79 3115 106 3168 et
128 3127 195 3169 cum
217 3110 307 3169 tristis
328 3109 442 3185 hiemps
464 3109 620 3168 etiamnum
642 3108 751 3184 frigore
773 3127 840 3169 saxa

78 3200 230 3268 rumperet
252 3200 280 3252 et
302 3191 394 3270 glacie
417 3209 520 3251 cursus
541 3191 671 3251 frenaret
693 3209 844 3268 aquarum,

77 3272 125 3334 ille
149 3292 262 3335 comam
283 3275 378 3335 mollis
400 3276 457 3334 iarn
479 3274 618 3334 tondebat
639 3274 785 3352 hyacinthi

78 3363 216 3418 aestatem
237 3359 413 3437 increpitans
434 3376 530 3418 seram
552 3357 753 3436 zephyrosque
773 3358 923 3419 morantis,

78 3458 148 3518 orgo
171 3440 274 3518 apibus
295 3443 360 3502 fetis
381 3441 459 3502 idem
481 3448 568 3519 atque
590 3442 721 3501 examine
742 3439 834 3501 multo
