2400 3878
159 224 199 287 80
434 229 577 278 venarer
600 227 801 277 ouonorcou
821 228 875 275 1111

150 387 299 465 spectabat
321 386 435 446 diversa
457 382 543 453 loeiS,
566 384 740 462 Phasimque
762 384 929 461 Lycumque

149 481 178 531 et
200 479 300 547 caput,
323 469 401 529 unde
424 467 498 527 altus
519 468 647 544 primum
669 486 700 526 se
723 467 850 543 erumpit
871 464 1000 541 Enipeus

149 570 328 631 saxosusque
350 569 457 611 sonans
479 550 605 628 Hypanis
625 551 782 629 Mysusque
804 549 915 617 Caicus,

148 637 226 698 unde
248 645 331 715 pater
353 634 522 702 Tiberinus,
545 641 574 692 et
594 635 672 694 unde
694 634 804 693 Aniena
825 631 933 691 ssuenta

149 727 178 780 et
199 722 314 797 gemina
336 725 457 779 auratus
477 718 593 776 taurino
616 735 725 777 cornua
747 717 827 776 voitu

149 802 309 872 Eridanus,
333 820 391 880 quo
414 819 473 860 non
495 799 569 860 alius
589 817 645 876 per
665 802 783 879 pinguia
806 799 882 860 culta

148 888 177 946 in
201 905 282 946 mare
303 903 486 963 purpureum
509 882 661 945 violentior
684 884 776 944 effluit
797 884 899 943 amnis.

148 978 303 1048 postquam
326 977 370 1029 est
391 969 420 1027 in
442 967 560 1028 thalami
582 968 736 1046 pendentia
759 967 874 1045 pumice
895 974 972 1026 tecta

148 1062 321 1131 perventum
345 1059 373 1112 et
394 1053 453 1111 nati
474 1052 560 1111 fletus
582 1053 716 1128 cognovit
737 1051 830 1110 inanis

148 1135 276 1215 Cyrene,
299 1134 434 1196 manibus
455 1134 579 1212 liquidos
602 1136 671 1195 dant
692 1134 794 1195 ordine
816 1134 902 1193 tontis

148 1235 321 1296 germanae.
343 1219 493 1296 tonsisque
516 1219 614 1278 ierunt
634 1217 769 1279 mantelia
792 1217 881 1285 villis3

148 1321 216 1381 pars
238 1302 330 1382 epulis
353 1308 476 1361 onerant
497 1319 612 1362 mensas
635 1309 663 1362 et
684 1300 768 1379 plena
791 1308 939 1379 reponunt

148 1385 267 1463 pocula3
311 1386 470 1446 Panchaeis
491 1384 660 1446 adolescunt
681 1384 798 1462 ignibus
819 1402 902 1451 arae;

149 1477 178 1530 et
198 1479 291 1530 mater
315 1479 402 1547 ‘cape
424 1468 547 1529 Maeonii
569 1469 717 1530 carchesia
739 1468 861 1528 Bacchi:

148 1551 265 1613 Oceano
287 1551 427 1613 libemus'
450 1553 498 1613 ait.
542 1552 627 1614 simul
649 1555 711 1630 ipsa
732 1560 869 1629 precatur

149 1635 356 1714 Oceanumque
378 1644 491 1712 patrem
513 1655 613 1697 rerum
635 1637 835 1715 nymphasque
857 1651 993 1704 sorores,

149 1727 266 1779 centum
288 1738 363 1797 quae
385 1719 483 1788 silvas,
506 1729 623 1780 eentum
646 1738 719 1796 quae
741 1719 860 1778 flumina
883 1724 1007 1778 servant.

147 1810 193 1861 ter
215 1802 324 1880 hquido
347 1802 498 1861 ardentem
520 1802 668 1880 perfundit
689 1810 808 1861 nectare
829 1801 960 1870 Vestam,

147 1894 193 1944 ter
215 1885 330 1944 flamma
353 1885 390 1943 ad
412 1903 558 1944 summum
581 1887 648 1946 tecti
670 1885 800 1944 subiecta
822 1883 937 1945 reluxit.

148 1969 244 2027 omine
267 1987 324 2046 quo
347 1969 467 2027 sumans
489 1970 616 2028 animum
638 1970 680 2027 sic
701 1969 802 2045 incipit
823 1971 903 2046 ipsa:

190 2060 248 2110 ‘est
269 2053 299 2112 in
322 2052 476 2130 Carphatio
498 2051 624 2129 Neptuni
645 2054 760 2129 gurgite
783 2059 861 2112 vates

147 2134 301 2195 caeruleus
322 2136 460 2205 Proteus,
484 2153 620 2213 magnum
643 2137 692 2213 qui
714 2135 842 2213 piscibus
864 2151 975 2214 aequor

147 2226 176 2278 et
197 2219 295 2278 iuncto
317 2217 456 2295 bipedum
479 2237 568 2279 curru
590 2221 708 2279 metitur
731 2236 882 2297 equorum.

146 2302 194 2361 hic
215 2319 294 2361 nune
317 2301 590 2380 Emathiaeportus
611 2304 793 2381 patriamque
814 2302 912 2363 revisit

146 2384 299 2454 Pallenen;
345 2385 424 2446 hunc
446 2395 475 2446 et
495 2387 640 2465 nymphae
662 2404 837 2446 veneramur
859 2393 888 2446 et
908 2387 970 2464 ipse

146 2469 328 2545 grandaevos
350 2468 476 2537 Nereus;
520 2471 600 2529 novit
620 2487 746 2548 namque
769 2471 865 2529 omnia
887 2478 978 2542 rates,

147 2571 221 2631 quae
243 2554 314 2623 sint,
338 2572 411 2631 quae
434 2554 557 2624 fuerint,
580 2571 655 2633 quae
678 2572 746 2614 mox
768 2560 890 2613 ventura
912 2551 1082 2623 trahantur;

146 2638 254 2714 quippe
276 2639 315 2697 ita
337 2637 472 2716 Neptuno
494 2639 586 2699 visum
610 2646 666 2706 est,
689 2638 825 2697 immania
848 2637 930 2697 cuius

147 2728 276 2780 armenta
300 2729 328 2780 et
350 2723 443 2799 turpis
465 2723 557 2798 pascit
578 2721 632 2781 sub
654 2723 768 2797 gurgite
789 2721 908 2797 phocas.
1109 2734 1163 2791 395

146 2802 194 2862 hio
215 2803 282 2870 tibi,
306 2812 388 2872 nate,
411 2806 493 2881 prius
515 2803 616 2863 vinclis
637 2802 813 2880 capiundus,
837 2813 868 2863 ut
890 2820 1007 2863 omnem

146 2885 281 2961 expediat
302 2886 396 2945 morbi
420 2903 552 2954 causam,
577 2894 754 2963 eventusque
777 2886 926 2947 secundet.

145 2985 213 3027 nam
236 2969 298 3028 sine
319 2969 346 3027 vi
369 2968 507 3029 nonulla
530 2967 609 3028 dabit
629 2978 801 3047 praecepta,
824 2988 920 3049 noque
941 2968 1023 3031 illum

145 3051 257 3111 orando
279 3050 394 3119 ssectes;
438 3053 494 3111 vim
517 3052 621 3112 duram
643 3061 672 3113 et
693 3051 805 3113 vincula
829 3064 912 3132 capto

144 3135 248 3202 tende;
293 3133 351 3194 doli
374 3137 482 3195 circum
505 3136 578 3197 baec
600 3137 717 3198 domum
741 3139 915 3217 franguntur
936 3139 1045 3200 inanes
1106 3154 1165 3209 eoo

145 3219 207 3293 ipsa
230 3235 284 3294 ego
305 3227 350 3288 te,
374 3219 485 3280 medios
507 3238 573 3281 cum
595 3221 638 3280 sol
661 3221 827 3283 accenderit
848 3229 958 3291 aestus,

145 3319 211 3361 cum
235 3303 334 3361 sitiunt
355 3303 465 3365 herbae
487 3314 516 3365 et
537 3307 637 3383 pecori
658 3307 714 3366 iam
737 3307 846 3382 gratior
868 3304 1001 3365 umbrast

144 3383 174 3443 in
196 3393 309 3445 secreta
332 3389 408 3446 senis
430 3389 549 3456 ducam,
574 3408 631 3468 quo
654 3390 747 3451 sessus
769 3389 805 3449 ab
828 3389 913 3450 undis

144 3484 176 3527 se
198 3470 316 3546 recipit,
339 3470 422 3532 facile
444 3480 476 3533 ut
497 3491 599 3533 somno
621 3473 793 3552 adgrediare
814 3473 966 3533 iacentem.
