2400 3878
142 183 204 242 360
460 196 491 242 r.
509 192 651 241 vuncrur
674 193 827 241 unnours

141 366 216 426 quae
239 346 340 406 subter
363 347 484 407 viridem
507 347 675 407 residebant
697 345 813 407 caerula
834 364 982 416 muscum

140 433 199 491 iam
221 429 332 490 medias
355 448 477 509 operum
499 438 597 509 partes
620 437 736 490 evectus
758 437 821 490 erat
842 430 894 499 sol,

141 532 208 573 curu
231 513 336 574 densas
350 520 451 592 pastor
472 514 599 591 pecudes
622 511 744 589 cogebat
764 514 795 572 in
818 513 945 575 umbras.

141 597 212 657 haut
232 595 336 675 procul
359 597 481 658 accessit
502 595 567 656 luco
590 595 720 656 residere
742 597 856 666 virenti,

141 678 222 740 Delia
245 680 322 749 «lira,
345 688 410 749 tuo,
435 698 492 757 quo
514 679 662 758 quondam
684 679 758 738 ricta
781 679 880 740 lurore

141 765 220 822 venit
241 762 404 841 Nyctelium
427 763 543 839 fugiens
565 763 699 823 Cadmeis
720 764 828 839 Agaue,

140 845 275 906 infandas
296 845 437 905 scelerata
459 863 562 905 manus
584 863 618 904 ec
640 844 730 904 caede
751 855 885 906 cruenta:

140 946 216 1007 quae
238 928 341 1006 gelidis
363 928 503 989 bacchata
524 930 600 1007 iugis
622 928 764 1006 reputeris
784 930 815 988 in
838 938 931 1000 antro,

140 1013 285 1089 posterius
300 1029 424 1090 poenam
448 1013 528 1089 gnati
551 1011 586 1071 de
608 1018 703 1072 morte
726 1010 839 1072 datura.

141 1095 189 1154 hic
211 1096 298 1155 etiam
320 1095 405 1154 viridi
428 1094 560 1154 ludentes
582 1112 673 1172 panes
694 1095 725 1153 in
748 1094 841 1155 herba

141 1184 171 1237 et
191 1179 280 1255 satyri
302 1177 483 1256 dryadesqne
506 1178 611 1237 choros
633 1195 720 1254 egere
743 1178 857 1256 puellae

140 1261 277 1320 naiadum
299 1268 394 1320 coetu.
417 1268 529 1320 tantum
552 1279 610 1320 non
634 1259 770 1338 Orpheis
791 1261 921 1323 Hebrum

140 1353 299 1405 restantem
322 1345 416 1404 tenuit
437 1345 509 1423 ripis
530 1343 673 1422 silvasque
696 1344 837 1415 canendo,

139 1436 281 1508 quantum
303 1437 346 1498 te,
370 1429 489 1506 pernix,
512 1435 712 1496 remorantur,
737 1426 815 1497 dira,
839 1429 946 1489 choreo

139 1513 230 1574 multa
252 1520 302 1572 tuo
325 1511 418 1571 laetae
439 1511 595 1571 tundentes
617 1509 721 1589 gaudia
743 1510 830 1581 voltu,

139 1597 201 1676 ipsa
223 1594 280 1656 loci
303 1603 406 1654 natura
429 1594 547 1654 domurn
563 1600 719 1654 resonante
741 1611 861 1654 susurro

139 1681 204 1757 quis
227 1677 314 1738 dabat
336 1686 365 1738 ot
387 1676 466 1737 dulci
487 1678 579 1738 fossas
601 1676 750 1736 refovebat
770 1679 801 1736 in
823 1677 936 1738 umbra.

140 1780 207 1824 nam
228 1762 355 1839 primum
378 1778 471 1839 prona
493 1760 652 1838 surgebant
674 1759 746 1819 valle
767 1768 901 1839 patentes

139 1846 236 1904 aeriae
258 1843 382 1920 platani,
404 1846 484 1903 inter
506 1862 579 1921 quas
596 1843 686 1920 impia
701 1843 785 1914 lotos,

141 1927 241 2005 lmpia,
258 1943 332 2004 quae
354 1928 449 1985 socios
469 1925 562 1985 Ithaci
583 1927 745 1985 maerentis
767 1925 874 2003 abegit,

139 2009 255 2087 hospita
277 2008 345 2068 dum
369 2010 458 2068 nimia
481 2010 573 2068 tenuit
596 2006 752 2067 dulcedine
775 2015 884 2087 captos.

138 2101 168 2151 at
204 2090 310 2170 quibus
332 2092 440 2168 insigni
463 2109 552 2152 curru
573 2091 721 2169 proiectus
744 2110 886 2170 equorum

139 2173 289 2235 ambustus
311 2175 462 2234 Phaethon
484 2172 564 2234 luctu
586 2182 748 2234 mutaverat
769 2182 850 2236 artus

138 2257 288 2327 Heliades
311 2259 421 2317 teneris
442 2256 578 2337 inplerae
600 2257 738 2317 bracchia
760 2260 880 2326 truncis,

138 2340 261 2401 candida
283 2340 445 2402 fundebant
467 2343 556 2402 tentis
577 2340 720 2402 velamina
742 2344 841 2403 ramis.

138 2426 285 2503 posterius
308 2427 354 2485 cui
377 2426 569 2505 Demophoon
591 2433 710 2486 aeterna
732 2424 851 2504 reliquit

137 2509 260 2587 perfidia
281 2507 422 2580 lamenta,
446 2508 506 2569 doli
527 2508 603 2569 male
623 2509 743 2587 pron'da
764 2507 882 2587 Phyllis,

139 2591 260 2671 (perfide
282 2592 474 2672 Demophoon
497 2601 526 2653 et
548 2610 608 2652 non
630 2592 762 2652 dellende
783 2591 910 2671 puellisl)

137 2694 224 2755 quam
247 2677 462 2738 comitabantur
484 2676 581 2736 letalia
605 2677 734 2736 carmina
755 2693 890 2754 quercus,

137 2776 263 2836 quercus
285 2768 353 2819 ante
376 2761 459 2821 datae
482 2761 597 2822 Cereris
619 2777 706 2839 quam
728 2760 840 2820 semina
861 2759 936 2817 vitae

139 2841 212 2918 (illas
234 2841 408 2920 Triptolemi
429 2845 551 2904 mutavit
572 2842 668 2904 sulcus
690 2844 805 2922 aristis).

136 2925 185 2983 hic
207 2940 346 3001 magnum
369 2926 482 3001 Argoae
504 2927 571 2985 navi
594 2925 683 2986 decus
705 2926 782 2985 edita
804 2928 891 3005 pinus

136 3024 276 3085 proceros
299 3006 419 3067 decorat
439 3005 524 3066 silvas
546 3007 658 3068 hirsuta
679 3025 734 3086 per
756 3015 837 3069 artus

137 3107 170 3150 ac
191 3090 265 3167 petit
286 3091 373 3151 ebriis
399 3089 573 3166 contingere
597 3089 725 3150 motibus
748 3098 834 3150 astra.

135 3172 210 3233 ilicis
233 3180 262 3233 et
283 3176 385 3252 nigrae
408 3185 436 3233 et
457 3174 571 3252 species
592 3173 719 3234 Lethaea
742 3192 897 3252 cupressus

135 3255 349 3337 umbrosaeque
371 3263 493 3317 monent
514 3258 597 3336 sagus
618 3257 805 3334 hederaeque
827 3258 951 3336 ligantes

134 3337 287 3410 bracchia,
311 3341 457 3401 fraternos
479 3341 599 3419 plangat
622 3359 658 3401 ne
680 3339 805 3419 populus
827 3343 910 3411 ictus

133 3421 273 3501 ipsaeque
296 3424 457 3484 escendunt
479 3424 516 3484 ad
537 3442 651 3485 summa
674 3425 825 3484 cacumina
847 3424 943 3485 lentae
