2400 3878
149 203 190 264 78
435 215 578 264 varona
600 214 803 264 cuoncuoou
823 215 877 263 1111

148 387 239 444 usque
267 370 404 430 coloratis
436 370 529 430 amnis
551 369 678 431 devexus
698 368 735 429 ab
757 368 850 447 Indis]

148 468 263 528 quaque
284 453 469 529 pharetratae
490 454 592 514 vicinia
613 453 740 513 Persidis
761 461 875 530 urguet,

147 535 241 593 omnis
263 536 292 594 in
314 535 369 595 bac
392 545 502 596 certam
524 539 605 614 regio
626 537 694 597 iacit
715 543 777 596 arte
799 535 932 596 salutem.

146 618 268 692 exiguus
290 637 416 696 primum
439 626 525 698 atque
546 622 625 697 ipsos
647 626 814 679 contractus
835 619 864 678 in
887 637 957 680 usus

146 699 260 777 eligitur
281 701 380 771 locus;
403 703 482 763 bunc
503 704 676 781 angustique
696 701 819 763 imbrice
840 704 909 762 tecti

145 783 361 865 parietibusque
382 793 520 864 premunt
542 789 625 856 artis,
649 794 678 847 et
699 792 836 863 quattuor
857 786 975 854 addunt,

145 874 282 945 quattuor
304 886 321 928 a
343 871 434 930 ventis
456 869 578 948 obliqua.
594 870 659 930 luce
681 870 833 930 fenestras.

145 959 205 1009 tum
229 951 334 1012 vitulus
355 951 433 1013 bima
455 971 579 1014 sumans
600 954 658 1014 iam
679 970 790 1013 cornua
812 951 908 1012 fronte

144 1035 306 1111 quaeritur:
330 1035 399 1096 huic
417 1039 550 1113 geminae
571 1055 657 1097 nares
679 1043 708 1098 et
728 1036 848 1112 spiritus
868 1037 926 1095 oris

144 1116 233 1176 multa
255 1118 409 1178 reluctanti
431 1122 605 1197 opstruitur,
627 1119 778 1198 plagisque
800 1125 951 1195 perempto

143 1207 228 1259 tunsa
250 1219 303 1277 per
324 1204 467 1279 integram
488 1203 638 1264 solvontur
661 1204 769 1263 viscera
792 1200 906 1279 pellem.

143 1284 185 1342 sic
207 1284 333 1360 positum
355 1286 385 1344 in
407 1285 505 1346 clauso
526 1286 651 1355 linem,
675 1294 703 1346 et
724 1303 822 1345 ramea
845 1287 933 1346 costis

144 1365 290 1427 subiciunt
310 1369 487 1446 fragmenta,
510 1370 641 1448 thymum
664 1370 813 1447 casiasque
835 1369 969 1429 recentis.

143 1450 200 1510 hoc
221 1452 333 1527 geritur
354 1452 487 1532 zephyris
509 1455 636 1531 primum
658 1451 863 1530 inpellentibus
885 1452 986 1522 undas,

144 1541 210 1594 ante
231 1536 313 1594 novis
334 1535 459 1596 rubeant
481 1556 568 1615 quam
590 1546 672 1615 prata
695 1534 857 1603 coloribus,
882 1541 949 1595 ante

144 1616 259 1694 garrula
282 1637 369 1697 quam
391 1620 477 1695 tignis
499 1621 600 1680 nidum
622 1619 780 1695 suspendat
801 1617 937 1679 hirundo.

145 1701 253 1762 interea
275 1703 384 1761 teneris
404 1704 565 1780 tepefactus
586 1705 616 1762 in
638 1703 752 1762 ossibus
773 1719 858 1761 umor

144 1790 269 1852 aestuat,
293 1792 322 1844 et
343 1786 461 1844 visenda
482 1786 576 1845 modis
598 1785 731 1844 animalia
753 1786 843 1854 miris,

144 1873 246 1925 trunca
266 1866 373 1943 pedum
397 1869 506 1944 primo,
529 1886 598 1927 mox
620 1876 649 1928 et
669 1868 818 1928 stridentia
840 1869 944 1945 pinnis,

142 1949 316 2017 miscentur,
339 1956 515 2029 tenuemque
537 1954 629 2028 magis
649 1953 741 2027 magis
763 1956 832 2010 aera
854 1959 985 2030 carpunt,

143 2030 236 2092 donec
258 2039 290 2091 ut
311 2035 426 2093 aestivis
449 2035 556 2095 effusus
578 2035 704 2094 nubibus
723 2033 818 2095 imber

144 2132 267 2193 erupere
290 2124 340 2175 aut
361 2123 392 2177 ut
414 2135 503 2178 nervo
525 2117 657 2194 pulsante
679 2120 808 2195 sagittae,

142 2199 235 2275 pslma
256 2197 335 2260 leves
356 2201 458 2261 ineunt
480 2202 621 2280 siquando
642 2202 750 2279 proelia
773 2201 881 2262 Parum

184 2283 255 2353 Quis
277 2282 349 2344 deus
369 2284 461 2354 hanc,
483 2303 598 2354 musae,
621 2286 685 2364 quis
706 2284 790 2345 nobis
812 2285 922 2345 extudit
943 2286 1057 2344 artemi
1102 2298 1159 2354 315

143 2366 220 2425 unde
242 2384 317 2426 nova
339 2369 488 2444 ingressus
510 2368 661 2428 bominum
684 2369 860 2446 experientia
884 2367 979 2446 cepit?

141 2457 241 2526 pastor
263 2451 411 2512 Aristaeus
433 2452 547 2529 lugiens
568 2452 673 2512 Peneia
711 2462 807 2528 tempe

142 2534 269 2603 amissis,
293 2541 324 2595 ut
346 2535 436 2605 lama,
460 2535 564 2613 apibus
585 2534 748 2614 morboque
770 2535 904 2611 fameque

142 2617 230 2676 tristis
252 2617 289 2678 ad
311 2621 433 2680 extremi
455 2638 572 2680 sacrum
595 2626 681 2696 caput
703 2619 811 2678 adstitit
833 2618 925 2677 amnis

140 2699 231 2760 multa
253 2720 380 2779 querens
402 2712 488 2780 atque
509 2703 566 2763 hac
587 2702 700 2763 adlatus
720 2720 792 2762 voce
814 2708 980 2778 parentem:
1103 2716 1160 2771 32⁰

142 2792 262 2853 ‘mater,
286 2784 398 2863 Cyrene
419 2792 530 2856 mater,
554 2804 628 2863 quae
650 2786 772 2860 gurgitis
793 2786 880 2845 huius

140 2869 198 2926 ima
220 2874 316 2937 tenes,
339 2869 408 2945 quid
431 2885 477 2927 me
499 2868 649 2943 praeclara
671 2868 761 2942 stirpe
783 2867 905 2927 deorum

142 2949 176 3028 (si
196 2949 301 3018 modo,
324 2968 412 3027 quem
433 2950 586 3027 perhibes,
609 2956 691 3027 pater
714 2957 758 3009 est
779 2950 980 3028 Thymbraeus
1002 2951 1117 3031 Apollo)

141 3033 263 3092 invisum
286 3031 351 3091 latis
373 3033 515 3109 genuisti?
557 3040 607 3093 aut
629 3052 686 3111 quo
708 3033 760 3092 tibi
782 3036 874 3094 nostri

140 3113 241 3193 pulsus
263 3117 364 3176 amor?
407 3116 476 3194 quid
498 3135 545 3176 me
568 3116 680 3176 caelum
702 3133 822 3194 sperare
844 3117 983 3178 iubebas?
1098 3132 1154 3187 sis

141 3216 178 3258 en
200 3200 286 3259 etiam
307 3199 387 3260 hunc
408 3201 504 3278 ipsum
526 3202 599 3260 vitae
621 3199 751 3260 mortalis
773 3201 931 3270 bonorem,

142 3300 228 3360 quem
250 3282 321 3342 mihi
343 3285 388 3343 vix
410 3283 529 3360 frugum
552 3292 580 3344 et
601 3284 747 3361 pecudum
770 3285 900 3345 custodia
923 3284 1027 3344 sollers

141 3367 237 3425 omnia
258 3369 410 3444 temptanti
432 3368 597 3436 extuderat,
619 3375 648 3427 te
670 3375 762 3429 matre
784 3369 926 3446 relinquo.

142 3451 210 3526 quin
233 3468 286 3528 age
305 3460 333 3511 et
355 3452 416 3528 ipsa
437 3470 526 3512 manu
546 3451 636 3511 felicis
658 3470 729 3511 erue
752 3453 851 3522 silvas,
