2400 3878
392 223 536 273 venenu
551 224 678 275 anmals
693 226 745 276 vu

58 384 148 445 audiit
170 390 199 443 et
217 381 332 444 Triviae
350 380 439 459 longe
457 379 547 450 lacus,
566 380 658 442 audiit
675 382 768 442 amnis

58 466 196 545 sulpurea
218 465 278 527 Nar
301 464 385 527 albus
408 482 484 543 aqua
507 464 660 544 sontesque
678 465 780 537 Velini,

58 559 87 613 et
108 549 240 630 trepidae
263 558 372 612 matres
392 565 529 628 pressere
549 549 586 611 ad
608 558 728 628 pectora
749 557 843 612 natos.

56 644 118 696 tum
140 652 210 696 vero
233 635 269 696 ad
291 651 394 696 vocem
418 633 540 704 celeres,
563 651 620 713 qua
640 632 747 695 bucina
768 634 884 714 signum
992 633 994 636 ’

58 719 120 780 dira
144 718 232 789 dedit,
253 719 345 800 raptis
368 725 551 779 concurrunt
572 717 702 797 undique
723 717 789 780 telis

57 804 189 864 indomiti
212 802 373 881 agricolae;
396 820 529 864 necnon
551 810 581 863 et
601 800 690 863 Troia
712 803 807 882 pubes

56 888 179 949 Ascanio
201 886 341 949 auxilium
364 887 466 948 castris
487 886 609 948 eliundit
628 888 747 966 apertis

58 972 200 1032 derexero
219 972 306 1033 acies.
341 989 400 1032 non
420 971 479 1031 iam
499 970 658 1032 certamine
680 973 797 1049 agresti,

57 1055 201 1132 stipitibus
221 1056 304 1117 duris
324 1057 420 1135 agitur
439 1054 596 1117 sudibusve
614 1057 767 1134 praeustis,

57 1140 108 1200 sed
129 1140 208 1202 ferro
235 1141 354 1219 ancipiti
377 1140 541 1203 decernunt
563 1149 683 1220 atraque
704 1139 762 1203 late

56 1225 201 1286 horrescit
222 1225 330 1287 strictis
352 1243 436 1305 seges
460 1224 579 1287 ensibus
602 1242 730 1304 aeraque
754 1224 868 1306 fulgent

57 1307 118 1369 sole
139 1306 274 1370 lacessita
297 1316 327 1370 et
347 1308 445 1371 lucem
469 1309 523 1370 sub
545 1307 646 1371 nubila
670 1311 793 1371 iactant:

56 1392 162 1453 fluetus
184 1393 227 1453 uti
246 1393 343 1471 primo
368 1395 465 1471 eoepit
484 1412 552 1455 cum
572 1391 723 1455 albescere
746 1404 842 1466 vento,

56 1475 195 1555 paulatim
218 1494 283 1538 sese
303 1475 378 1536 tollit
398 1493 481 1537 mare
503 1485 532 1538 et
553 1475 639 1538 altius
660 1477 755 1538 undas

57 1562 150 1638 erigit,
170 1560 240 1621 inde
262 1563 321 1621 imo
341 1560 492 1638 consurgit
513 1560 550 1621 ad
572 1560 691 1621 aethera
714 1559 814 1621 lundo.

57 1646 106 1705 hic
128 1646 240 1706 iuvenis
260 1646 386 1723 primam
404 1651 471 1705 ante
494 1644 587 1706 aciem
608 1643 749 1706 stridente
771 1645 884 1722 sagitta,

57 1737 193 1790 natorum
215 1728 324 1809 Tyrrhi
341 1729 439 1790 luerat
460 1729 511 1807 qui
532 1728 686 1799 maximus,
709 1725 803 1799 Almo,

57 1815 213 1883 sternitur:
236 1813 329 1874 haesit
351 1815 429 1875 enlm
454 1812 510 1875 sub
528 1818 648 1890 gutture
670 1810 773 1874 volnus
796 1819 825 1875 et
845 1811 921 1876 udae

57 1899 135 1958 vocis
153 1899 208 1959 iter
228 1905 405 1978 tenuemque
424 1896 541 1959 inclusit
563 1897 706 1976 sauguine
727 1898 824 1960 vitam

58 1999 183 2060 corpora
205 1980 296 2044 multa
317 1983 412 2043 virum
435 1984 513 2044 circa
536 1983 693 2061 seniorque
717 1981 866 2052 Galaesus,

57 2066 126 2127 dum
149 2067 215 2144 paci
237 2066 365 2128 medium
388 2084 421 2128 se
437 2068 532 2135 offert,
551 2066 726 2128 iustissimus
748 2084 824 2128 uuus

58 2152 106 2228 qui
127 2151 181 2212 luit
203 2151 396 2230 Ausoniisque
418 2150 487 2212 olim
507 2150 667 2212 ditissimus
686 2152 777 2212 arvis·

58 2237 186 2313 quinque
208 2252 313 2315 greges
334 2234 377 2295 illi
396 2234 556 2307 balantum,
580 2236 669 2315 quina
691 2234 827 2296 redibant

58 2326 199 2388 armenta,
224 2327 253 2381 et
272 2326 382 2381 terram
407 2327 525 2381 centum
546 2318 679 2380 vertebat
697 2320 811 2380 aratris.

100 2402 195 2481 Atque
213 2421 246 2463 ca
267 2421 322 2481 per
340 2420 459 2480 campos
482 2420 576 2480 aequo
600 2402 671 2463 dum
693 2402 786 2463 lllarte
808 2409 962 2479 geruntur,

59 2486 194 2563 promissi
219 2486 273 2546 dea
295 2488 371 2546 lacta
394 2493 509 2564 potens,
533 2485 583 2545 ubi
605 2486 747 2563 sanguine
769 2483 879 2546 bellum

57 2568 162 2629 imbuit
183 2578 211 2630 st
232 2570 345 2647 primae
367 2570 512 2629 commisit
534 2568 637 2629 lunera
659 2585 785 2646 pugnae,

59 2653 169 2714 deserit
189 2653 362 2730 Hesperiam
388 2659 417 2713 et
437 2650 510 2713 caeli
527 2668 656 2712 convexa
677 2669 732 2729 per
755 2668 859 2713 auras.
875 2697 882 2711 .
898 2695 927 2711 ..

58 2737 200 2798 lunonem
222 2736 324 2798 victrix
347 2735 463 2809 adlatur
483 2753 555 2805 voce
576 2734 720 2815 superba:

59 2833 119 2890 ‘em
143 2821 274 2899 perlecta
298 2820 349 2882 tibi
372 2818 449 2880 bello
472 2819 616 2888 discordia
639 2819 731 2880 tristi:

59 2906 105 2965 die
126 2907 155 2966 in
178 2906 334 2967 amicitiam
355 2912 459 2966 coeant
481 2912 511 2966 et
531 2903 649 2965 loedera
672 2905 803 2983 iungant.

58 2990 175 3067 quando
198 2991 316 3069 quidem
336 2990 466 3052 Ausonio
487 2989 617 3067 respersi
640 2989 782 3066 sanguine
804 2987 944 3057 Teucros,
993 2989 998 2999 '

58 3074 224 3135 boeotiam
247 3074 292 3135 his
307 3074 421 3144 addam,
445 3081 494 3154 tua
517 3074 542 3135 si
563 3072 633 3133 mihi
657 3080 737 3134 certa
759 3071 909 3133 voluntas:

58 3157 195 3218 finitimas
215 3160 245 3219 in
267 3157 341 3220 bella
365 3159 458 3220 leram
481 3158 650 3219 rumoribus
671 3155 763 3218 urbes

58 3240 276 3321 accendamque
299 3245 411 3304 animos
433 3243 527 3303 insani
547 3243 647 3303 Martis
669 3257 780 3308 amore,
1023 3243 1076 3295 ooo

59 3325 188 3404 undique
209 3333 242 3386 ut
260 3325 366 3398 auxilio
387 3326 519 3394 veniant;
543 3342 680 3404 spargam
702 3339 784 3383 arma
805 3339 859 3401 per
882 3319 988 3399 agros'

58 3421 120 3470 tum
144 3415 246 3470 contra
267 3409 341 3470 luno
362 3416 526 3471 ‘terrorum
549 3417 577 3472 et
599 3406 709 3468 lraudis
732 3404 885 3467 abundest,

59 3501 134 3553 stant
158 3492 225 3562 belli
246 3511 360 3564 causae,
383 3502 531 3573 pugnatur
554 3491 718 3555 comminus
739 3488 838 3560 armis,
