<?xml version="1.0" encoding="UTF-8"?>
<!DOCTYPE html PUBLIC "-//W3C//DTD XHTML 1.0 Transitional//EN"
    "http://www.w3.org/TR/xhtml1/DTD/xhtml1-transitional.dtd">
<html xmlns="http://www.w3.org/1999/xhtml" xml:lang="en" lang="en">
 <head>
  <title>
</title>
<meta http-equiv="Content-Type" content="text/html;charset=utf-8" />
  <meta name='ocr-system' content='tesseract 3.04.00' />
  <meta name='ocr-capabilities' content='ocr_page ocr_carea ocr_par ocr_line ocrx_word'/>
</head>
<body>
  <div class='ocr_page' id='page_1' title='image "./operainusumscho00virggoog_0425.png"; bbox 0 0 2400 3878; ppageno 0'>
   <div class='ocr_carea' id='block_1_1' title="bbox 502 213 1108 279">
    <p class='ocr_par' dir='ltr' id='par_1_1' title="bbox 502 213 1108 279">
     <span class='ocr_line' id='line_1_1' title="bbox 502 213 1108 279; baseline 0.008 -5"><span class='ocrx_word' id='word_1_1' title='bbox 502 226 683 275; x_wconf 78' lang='lat' dir='ltr'>nonarum</span> <span class='ocrx_word' id='word_1_2' title='bbox 1045 213 1108 279; x_wconf 77' lang='grc'>385</span> 
     </span>
    </p>
   </div>
   <div class='ocr_carea' id='block_1_2' title="bbox 93 379 1107 3540">
    <p class='ocr_par' dir='ltr' id='par_1_2' title="bbox 95 379 853 460">
     <span class='ocr_line' id='line_1_2' title="bbox 95 379 853 460; baseline -0.001 -16"><span class='ocrx_word' id='word_1_3' title='bbox 95 392 126 445; x_wconf 87' lang='lat' dir='ltr'>et</span> <span class='ocrx_word' id='word_1_4' title='bbox 147 388 229 442; x_wconf 89' lang='lat' dir='ltr'>notat</span> <span class='ocrx_word' id='word_1_5' title='bbox 250 382 393 460; x_wconf 85' lang='lat' dir='ltr'>inpressis</span> <span class='ocrx_word' id='word_1_6' title='bbox 416 398 509 459; x_wconf 88' lang='lat' dir='ltr'>aequo</span> <span class='ocrx_word' id='word_1_7' title='bbox 532 381 702 443; x_wconf 84' lang='lat' dir='ltr'>discrimine</span> <span class='ocrx_word' id='word_1_8' title='bbox 725 379 853 460; x_wconf 87' lang='lat' dir='ltr'>quadris.</span> 
     </span>
    </p>

    <p class='ocr_par' dir='ltr' id='par_1_3' title="bbox 93 463 1107 542">
     <span class='ocr_line' id='line_1_3' title="bbox 93 463 1107 542; baseline 0 -15"><span class='ocrx_word' id='word_1_9' title='bbox 93 465 184 527; x_wconf 81' lang='lat' dir='ltr'><strong>Infert</strong></span> <span class='ocrx_word' id='word_1_10' title='bbox 205 465 274 524; x_wconf 91' lang='lat' dir='ltr'>inde</span> <span class='ocrx_word' id='word_1_11' title='bbox 296 465 363 525; x_wconf 86' lang='lat' dir='ltr'>foco</span> <span class='ocrx_word' id='word_1_12' title='bbox 385 463 519 541; x_wconf 81' lang='lat' dir='ltr'>(Scybale</span> <span class='ocrx_word' id='word_1_13' title='bbox 541 464 733 526; x_wconf 83' lang='lat' dir='ltr'>mundaverat</span> <span class='ocrx_word' id='word_1_14' title='bbox 756 471 857 542; x_wconf 89' lang='lat' dir='ltr'>aptum</span> <span class='ocrx_word' id='word_1_15' title='bbox 1072 473 1107 527; x_wconf 73' lang='lat' dir='ltr'>do</span> 
     </span>
    </p>

    <p class='ocr_par' dir='ltr' id='par_1_4' title="bbox 94 547 933 627">
     <span class='ocr_line' id='line_1_4' title="bbox 94 547 933 627; baseline 0 -18"><span class='ocrx_word' id='word_1_16' title='bbox 94 555 163 610; x_wconf 92' lang='lat' dir='ltr'>ante</span> <span class='ocrx_word' id='word_1_17' title='bbox 185 547 291 627; x_wconf 89' lang='lat' dir='ltr'>locum)</span> <span class='ocrx_word' id='word_1_18' title='bbox 315 549 455 626; x_wconf 87' lang='lat' dir='ltr'>testisque</span> <span class='ocrx_word' id='word_1_19' title='bbox 476 551 561 626; x_wconf 83' lang='lat' dir='ltr'>tegit,</span> <span class='ocrx_word' id='word_1_20' title='bbox 585 566 676 627; x_wconf 87' lang='lat' dir='ltr'>super</span> <span class='ocrx_word' id='word_1_21' title='bbox 699 555 820 625; x_wconf 80' lang='lat' dir='ltr'>aggerat</span> <span class='ocrx_word' id='word_1_22' title='bbox 840 549 933 627; x_wconf 83' lang='lat' dir='ltr'>ignes.</span> 
     </span>
    </p>

    <p class='ocr_par' dir='ltr' id='par_1_5' title="bbox 94 630 909 711">
     <span class='ocr_line' id='line_1_5' title="bbox 94 630 909 711; baseline -0.001 -18"><span class='ocrx_word' id='word_1_23' title='bbox 94 634 222 711; x_wconf 90' lang='lat' dir='ltr'>dumque</span> <span class='ocrx_word' id='word_1_24' title='bbox 244 649 311 691; x_wconf 88' lang='lat' dir='ltr'>suas</span> <span class='ocrx_word' id='word_1_25' title='bbox 332 633 446 710; x_wconf 83' lang='lat' dir='ltr'>peragit</span> <span class='ocrx_word' id='word_1_26' title='bbox 467 630 611 693; x_wconf 87' lang='lat' dir='ltr'>Volcanus</span> <span class='ocrx_word' id='word_1_27' title='bbox 632 632 778 710; x_wconf 86' lang='lat' dir='ltr'>Vestaque</span> <span class='ocrx_word' id='word_1_28' title='bbox 800 640 909 709; x_wconf 77' lang='lat' dir='ltr'>partes</span> 
     </span>
    </p>

    <p class='ocr_par' dir='ltr' id='par_1_6' title="bbox 94 715 824 793">
     <span class='ocr_line' id='line_1_6' title="bbox 94 715 824 793; baseline -0.004 -16"><span class='ocrx_word' id='word_1_29' title='bbox 94 715 221 793; x_wconf 77' lang='lat' dir='ltr'>Simplus</span> <span class='ocrx_word' id='word_1_30' title='bbox 242 716 356 775; x_wconf 90' lang='lat' dir='ltr'>interea</span> <span class='ocrx_word' id='word_1_31' title='bbox 378 731 467 773; x_wconf 86' lang='lat' dir='ltr'>vacua</span> <span class='ocrx_word' id='word_1_32' title='bbox 490 732 550 773; x_wconf 92' lang='lat' dir='ltr'>non</span> <span class='ocrx_word' id='word_1_33' title='bbox 572 724 667 776; x_wconf 88' lang='lat' dir='ltr'>cessat</span> <span class='ocrx_word' id='word_1_34' title='bbox 688 718 719 774; x_wconf 94' lang='lat' dir='ltr'>in</span> <span class='ocrx_word' id='word_1_35' title='bbox 741 717 824 784; x_wconf 90' lang='lat' dir='ltr'>hora,</span> 
     </span>
    </p>

    <p class='ocr_par' dir='ltr' id='par_1_7' title="bbox 94 796 927 877">
     <span class='ocr_line' id='line_1_7' title="bbox 94 796 927 877; baseline 0.001 -20"><span class='ocrx_word' id='word_1_36' title='bbox 94 816 197 859; x_wconf 84' lang='lat' dir='ltr'>verum</span> <span class='ocrx_word' id='word_1_37' title='bbox 220 797 305 858; x_wconf 90' lang='lat' dir='ltr'>aliam</span> <span class='ocrx_word' id='word_1_38' title='bbox 329 796 385 858; x_wconf 92' lang='lat' dir='ltr'>sibi</span> <span class='ocrx_word' id='word_1_39' title='bbox 406 799 521 876; x_wconf 89' lang='lat' dir='ltr'>quaerit</span> <span class='ocrx_word' id='word_1_40' title='bbox 542 817 644 877; x_wconf 91' lang='lat' dir='ltr'>opem,</span> <span class='ocrx_word' id='word_1_41' title='bbox 668 817 726 859; x_wconf 93' lang='lat' dir='ltr'>neu</span> <span class='ocrx_word' id='word_1_42' title='bbox 748 797 809 858; x_wconf 93' lang='lat' dir='ltr'>sola</span> <span class='ocrx_word' id='word_1_43' title='bbox 831 798 927 877; x_wconf 90' lang='lat' dir='ltr'>palato</span> 
     </span>
    </p>

    <p class='ocr_par' dir='ltr' id='par_1_8' title="bbox 94 883 944 961">
     <span class='ocr_line' id='line_1_8' title="bbox 94 883 944 961; baseline 0 -18"><span class='ocrx_word' id='word_1_44' title='bbox 94 884 215 943; x_wconf 89' lang='lat' dir='ltr'>sitnon</span> <span class='ocrx_word' id='word_1_45' title='bbox 238 887 319 959; x_wconf 84' lang='lat' dir='ltr'>grata</span> <span class='ocrx_word' id='word_1_46' title='bbox 342 898 439 946; x_wconf 88' lang='lat' dir='ltr'>ceres,</span> <span class='ocrx_word' id='word_1_47' title='bbox 464 898 535 959; x_wconf 91' lang='lat' dir='ltr'>quas</span> <span class='ocrx_word' id='word_1_48' title='bbox 556 883 658 959; x_wconf 77' lang='lat' dir='ltr'>iungat</span> <span class='ocrx_word' id='word_1_49' title='bbox 680 890 831 961; x_wconf 87' lang='lat' dir='ltr'>comparat</span> <span class='ocrx_word' id='word_1_50' title='bbox 854 900 944 943; x_wconf 89' lang='lat' dir='ltr'>escas.</span> 
     </span>
    </p>

    <p class='ocr_par' dir='ltr' id='par_1_9' title="bbox 94 963 768 1043">
     <span class='ocr_line' id='line_1_9' title="bbox 94 963 768 1043; baseline 0.001 -20"><span class='ocrx_word' id='word_1_51' title='bbox 94 983 155 1024; x_wconf 91' lang='lat' dir='ltr'>non</span> <span class='ocrx_word' id='word_1_52' title='bbox 177 963 219 1023; x_wconf 94' lang='lat' dir='ltr'>illi</span> <span class='ocrx_word' id='word_1_53' title='bbox 241 981 381 1043; x_wconf 88' lang='lat' dir='ltr'>suspensa</span> <span class='ocrx_word' id='word_1_54' title='bbox 403 964 500 1023; x_wconf 87' lang='lat' dir='ltr'>locum</span> <span class='ocrx_word' id='word_1_55' title='bbox 523 966 657 1026; x_wconf 91' lang='lat' dir='ltr'>carnaria</span> <span class='ocrx_word' id='word_1_56' title='bbox 678 967 768 1033; x_wconf 84' lang='lat' dir='ltr'>iuxta,</span> 
     </span>
    </p>

    <p class='ocr_par' dir='ltr' id='par_1_10' title="bbox 95 1046 826 1127">
     <span class='ocr_line' id='line_1_10' title="bbox 95 1046 826 1127; baseline 0.003 -20"><span class='ocrx_word' id='word_1_57' title='bbox 95 1047 191 1108; x_wconf 85' lang='lat' dir='ltr'>durati</span> <span class='ocrx_word' id='word_1_58' title='bbox 213 1047 272 1108; x_wconf 92' lang='lat' dir='ltr'>sale</span> <span class='ocrx_word' id='word_1_59' title='bbox 294 1058 376 1124; x_wconf 84' lang='lat' dir='ltr'>terga</span> <span class='ocrx_word' id='word_1_60' title='bbox 400 1046 459 1105; x_wconf 91' lang='lat' dir='ltr'>suis</span> <span class='ocrx_word' id='word_1_61' title='bbox 481 1050 651 1127; x_wconf 87' lang='lat' dir='ltr'>truncique,</span> <span class='ocrx_word' id='word_1_62' title='bbox 675 1047 826 1119; x_wconf 84' lang='lat' dir='ltr'>vacabant,</span> 
     </span>
    </p>

    <p class='ocr_par' dir='ltr' id='par_1_11' title="bbox 94 1130 827 1208">
     <span class='ocr_line' id='line_1_11' title="bbox 94 1130 827 1208; baseline 0.001 -16"><span class='ocrx_word' id='word_1_63' title='bbox 94 1132 231 1192; x_wconf 89' lang='lat' dir='ltr'>traiectus</span> <span class='ocrx_word' id='word_1_64' title='bbox 253 1130 383 1191; x_wconf 90' lang='lat' dir='ltr'>medium</span> <span class='ocrx_word' id='word_1_65' title='bbox 404 1138 503 1208; x_wconf 87' lang='lat' dir='ltr'>sparto</span> <span class='ocrx_word' id='word_1_66' title='bbox 525 1131 576 1191; x_wconf 88' lang='lat' dir='ltr'>sed</span> <span class='ocrx_word' id='word_1_67' title='bbox 594 1150 700 1193; x_wconf 88' lang='lat' dir='ltr'>caseus</span> <span class='ocrx_word' id='word_1_68' title='bbox 723 1132 827 1193; x_wconf 91' lang='lat' dir='ltr'>orbem</span> 
     </span>
    </p>

    <p class='ocr_par' dir='ltr' id='par_1_12' title="bbox 95 1213 792 1292">
     <span class='ocr_line' id='line_1_12' title="bbox 95 1213 792 1292; baseline 0.003 -17"><span class='ocrx_word' id='word_1_69' title='bbox 95 1224 124 1274; x_wconf 90' lang='lat' dir='ltr'>et</span> <span class='ocrx_word' id='word_1_70' title='bbox 145 1221 227 1275; x_wconf 88' lang='lat' dir='ltr'>vetus</span> <span class='ocrx_word' id='word_1_71' title='bbox 249 1213 381 1274; x_wconf 81' lang='lat' dir='ltr'>adstricti</span> <span class='ocrx_word' id='word_1_72' title='bbox 403 1213 490 1274; x_wconf 87' lang='lat' dir='ltr'>lascis</span> <span class='ocrx_word' id='word_1_73' title='bbox 511 1214 658 1292; x_wconf 87' lang='lat' dir='ltr'>pendebat</span> <span class='ocrx_word' id='word_1_74' title='bbox 680 1218 792 1277; x_wconf 90' lang='lat' dir='ltr'>anethi:</span> 
     </span>
    </p>

    <p class='ocr_par' dir='ltr' id='par_1_13' title="bbox 95 1297 977 1463">
     <span class='ocr_line' id='line_1_13' title="bbox 95 1297 921 1377; baseline 0.001 -19"><span class='ocrx_word' id='word_1_75' title='bbox 95 1315 167 1376; x_wconf 81' lang='lat' dir='ltr'>ergo</span> <span class='ocrx_word' id='word_1_76' title='bbox 195 1297 281 1358; x_wconf 92' lang='lat' dir='ltr'>aliam</span> <span class='ocrx_word' id='word_1_77' title='bbox 312 1297 433 1358; x_wconf 87' lang='lat' dir='ltr'>molitur</span> <span class='ocrx_word' id='word_1_78' title='bbox 455 1316 540 1376; x_wconf 89' lang='lat' dir='ltr'>opem</span> <span class='ocrx_word' id='word_1_79' title='bbox 564 1299 620 1359; x_wconf 93' lang='lat' dir='ltr'>sibi</span> <span class='ocrx_word' id='word_1_80' title='bbox 641 1301 779 1377; x_wconf 89' lang='lat' dir='ltr'>providus</span> <span class='ocrx_word' id='word_1_81' title='bbox 808 1297 921 1359; x_wconf 86' lang='lat' dir='ltr'>herbis.</span> 
     </span>
     <span class='ocr_line' id='line_1_14' title="bbox 135 1381 977 1463; baseline 0.002 -21"><span class='ocrx_word' id='word_1_82' title='bbox 135 1382 245 1442; x_wconf 88' lang='lat' dir='ltr'>Hortus</span> <span class='ocrx_word' id='word_1_83' title='bbox 268 1389 331 1442; x_wconf 92' lang='lat' dir='ltr'>erat</span> <span class='ocrx_word' id='word_1_84' title='bbox 352 1388 469 1441; x_wconf 83' lang='lat' dir='ltr'>iunctus</span> <span class='ocrx_word' id='word_1_85' title='bbox 492 1381 623 1450; x_wconf 88' lang='lat' dir='ltr'>casulae,</span> <span class='ocrx_word' id='word_1_86' title='bbox 647 1401 734 1461; x_wconf 90' lang='lat' dir='ltr'>quem</span> <span class='ocrx_word' id='word_1_87' title='bbox 756 1385 863 1444; x_wconf 90' lang='lat' dir='ltr'>vimina</span> <span class='ocrx_word' id='word_1_88' title='bbox 885 1401 977 1463; x_wconf 90' lang='lat' dir='ltr'>pauca</span> 
     </span>
    </p>

    <p class='ocr_par' dir='ltr' id='par_1_14' title="bbox 93 1463 783 1534">
     <span class='ocr_line' id='line_1_15' title="bbox 93 1463 783 1534; baseline -0.001 -8"><span class='ocrx_word' id='word_1_89' title='bbox 93 1473 123 1526; x_wconf 90' lang='lat' dir='ltr'>et</span> <span class='ocrx_word' id='word_1_90' title='bbox 145 1465 257 1526; x_wconf 91' lang='lat' dir='ltr'>calamo</span> <span class='ocrx_word' id='word_1_91' title='bbox 279 1465 407 1525; x_wconf 86' lang='lat' dir='ltr'>rediviva</span> <span class='ocrx_word' id='word_1_92' title='bbox 429 1463 486 1524; x_wconf 80' lang='lat' dir='ltr'>leri</span> <span class='ocrx_word' id='word_1_93' title='bbox 508 1465 640 1525; x_wconf 88' lang='lat' dir='ltr'>munibat</span> <span class='ocrx_word' id='word_1_94' title='bbox 661 1466 783 1534; x_wconf 91' lang='lat' dir='ltr'>arundo,</span> 
     </span>
    </p>

    <p class='ocr_par' dir='ltr' id='par_1_15' title="bbox 94 1546 789 1628">
     <span class='ocr_line' id='line_1_16' title="bbox 94 1546 789 1628; baseline -0.003 -19"><span class='ocrx_word' id='word_1_95' title='bbox 94 1551 215 1628; x_wconf 81' lang='lat' dir='ltr'>exiguus</span> <span class='ocrx_word' id='word_1_96' title='bbox 237 1551 346 1627; x_wconf 87' lang='lat' dir='ltr'>spatio,</span> <span class='ocrx_word' id='word_1_97' title='bbox 369 1549 457 1608; x_wconf 91' lang='lat' dir='ltr'>variis</span> <span class='ocrx_word' id='word_1_98' title='bbox 479 1547 531 1608; x_wconf 88' lang='lat' dir='ltr'>sed</span> <span class='ocrx_word' id='word_1_99' title='bbox 553 1546 656 1607; x_wconf 80' lang='lat' dir='ltr'>fertilis</span> <span class='ocrx_word' id='word_1_100' title='bbox 678 1547 789 1608; x_wconf 89' lang='lat' dir='ltr'>herbis.</span> 
     </span>
    </p>

    <p class='ocr_par' dir='ltr' id='par_1_16' title="bbox 94 1632 798 1711">
     <span class='ocr_line' id='line_1_17' title="bbox 94 1632 798 1711; baseline -0.003 -19"><span class='ocrx_word' id='word_1_101' title='bbox 94 1632 136 1692; x_wconf 95' lang='lat' dir='ltr'>nil</span> <span class='ocrx_word' id='word_1_102' title='bbox 158 1632 200 1692; x_wconf 91' lang='lat' dir='ltr'>illi</span> <span class='ocrx_word' id='word_1_103' title='bbox 223 1633 321 1701; x_wconf 90' lang='lat' dir='ltr'>derat,</span> <span class='ocrx_word' id='word_1_104' title='bbox 346 1632 425 1711; x_wconf 93' lang='lat' dir='ltr'>quod</span> <span class='ocrx_word' id='word_1_105' title='bbox 446 1632 583 1711; x_wconf 88' lang='lat' dir='ltr'>pauperis</span> <span class='ocrx_word' id='word_1_106' title='bbox 606 1632 695 1709; x_wconf 83' lang='lat' dir='ltr'>exigit</span> <span class='ocrx_word' id='word_1_107' title='bbox 715 1648 798 1692; x_wconf 89' lang='lat' dir='ltr'>usus:</span> 
     </span>
    </p>

    <p class='ocr_par' dir='ltr' id='par_1_17' title="bbox 93 1714 839 1795">
     <span class='ocr_line' id='line_1_18' title="bbox 93 1714 839 1795; baseline -0.001 -20"><span class='ocrx_word' id='word_1_108' title='bbox 93 1716 241 1776; x_wconf 87' lang='lat' dir='ltr'>interdum</span> <span class='ocrx_word' id='word_1_109' title='bbox 264 1715 395 1795; x_wconf 87' lang='lat' dir='ltr'>locuples</span> <span class='ocrx_word' id='word_1_110' title='bbox 418 1735 434 1775; x_wconf 91' lang='lat' dir='ltr'>a</span> <span class='ocrx_word' id='word_1_111' title='bbox 455 1732 584 1794; x_wconf 86' lang='lat' dir='ltr'>paupere</span> <span class='ocrx_word' id='word_1_112' title='bbox 606 1714 690 1792; x_wconf 89' lang='lat' dir='ltr'>plura</span> <span class='ocrx_word' id='word_1_113' title='bbox 712 1714 839 1792; x_wconf 90' lang='lat' dir='ltr'>petebat.</span> 
     </span>
    </p>

    <p class='ocr_par' dir='ltr' id='par_1_18' title="bbox 93 1797 890 1878">
     <span class='ocr_line' id='line_1_19' title="bbox 93 1797 890 1878; baseline -0.003 -19"><span class='ocrx_word' id='word_1_114' title='bbox 93 1817 149 1859; x_wconf 91' lang='lat' dir='ltr'>nec</span> <span class='ocrx_word' id='word_1_115' title='bbox 171 1807 304 1878; x_wconf 88' lang='lat' dir='ltr'>sumptus</span> <span class='ocrx_word' id='word_1_116' title='bbox 326 1808 390 1860; x_wconf 89' lang='lat' dir='ltr'>erat</span> <span class='ocrx_word' id='word_1_117' title='bbox 410 1797 482 1859; x_wconf 92' lang='lat' dir='ltr'>illud</span> <span class='ocrx_word' id='word_1_118' title='bbox 505 1817 577 1876; x_wconf 90' lang='lat' dir='ltr'>opus</span> <span class='ocrx_word' id='word_1_119' title='bbox 598 1799 650 1858; x_wconf 92' lang='lat' dir='ltr'>sed</span> <span class='ocrx_word' id='word_1_120' title='bbox 671 1797 770 1858; x_wconf 89' lang='lat' dir='ltr'>recula</span> <span class='ocrx_word' id='word_1_121' title='bbox 793 1815 890 1858; x_wconf 88' lang='lat' dir='ltr'>curae.</span> 
     </span>
    </p>

    <p class='ocr_par' dir='ltr' id='par_1_19' title="bbox 94 1880 855 1961">
     <span class='ocr_line' id='line_1_20' title="bbox 94 1880 855 1961; baseline -0.004 -17"><span class='ocrx_word' id='word_1_122' title='bbox 94 1885 119 1944; x_wconf 92' lang='lat' dir='ltr'>si</span> <span class='ocrx_word' id='word_1_123' title='bbox 141 1882 261 1961; x_wconf 90' lang='lat' dir='ltr'>quando</span> <span class='ocrx_word' id='word_1_124' title='bbox 280 1901 402 1945; x_wconf 91' lang='lat' dir='ltr'>vacuum</span> <span class='ocrx_word' id='word_1_125' title='bbox 426 1881 524 1942; x_wconf 89' lang='lat' dir='ltr'>casula</span> <span class='ocrx_word' id='word_1_126' title='bbox 544 1881 694 1960; x_wconf 79' lang='lat' dir='ltr'>pluviasve</span> <span class='ocrx_word' id='word_1_127' title='bbox 715 1880 855 1942; x_wconf 86' lang='lat' dir='ltr'>tenebant</span> 
     </span>
    </p>

    <p class='ocr_par' dir='ltr' id='par_1_20' title="bbox 94 1965 813 2037">
     <span class='ocr_line' id='line_1_21' title="bbox 94 1965 813 2037; baseline -0.001 -12"><span class='ocrx_word' id='word_1_128' title='bbox 94 1966 203 2027; x_wconf 77' lang='lat' dir='ltr'>testare</span> <span class='ocrx_word' id='word_1_129' title='bbox 226 1967 289 2037; x_wconf 86' lang='lat' dir='ltr'>lux,</span> <span class='ocrx_word' id='word_1_130' title='bbox 313 1969 338 2028; x_wconf 92' lang='lat' dir='ltr'>si</span> <span class='ocrx_word' id='word_1_131' title='bbox 360 1967 436 2028; x_wconf 76' lang='lat' dir='ltr'>torte</span> <span class='ocrx_word' id='word_1_132' title='bbox 457 1965 541 2026; x_wconf 90' lang='lat' dir='ltr'>labor</span> <span class='ocrx_word' id='word_1_133' title='bbox 563 1965 695 2027; x_wconf 83' lang='lat' dir='ltr'>cessabat</span> <span class='ocrx_word' id='word_1_134' title='bbox 716 1967 813 2035; x_wconf 89' lang='lat' dir='ltr'>aratri,</span> 
     </span>
    </p>

    <p class='ocr_par' dir='ltr' id='par_1_21' title="bbox 95 2047 880 2130">
     <span class='ocr_line' id='line_1_22' title="bbox 95 2047 880 2130; baseline -0.004 -19"><span class='ocrx_word' id='word_1_135' title='bbox 95 2047 174 2111; x_wconf 85' lang='lat' dir='ltr'>horti</span> <span class='ocrx_word' id='word_1_136' title='bbox 196 2069 270 2130; x_wconf 89' lang='lat' dir='ltr'>opus</span> <span class='ocrx_word' id='word_1_137' title='bbox 291 2049 363 2111; x_wconf 89' lang='lat' dir='ltr'>illud</span> <span class='ocrx_word' id='word_1_138' title='bbox 386 2057 457 2111; x_wconf 90' lang='lat' dir='ltr'>erat.</span> <span class='ocrx_word' id='word_1_139' title='bbox 480 2051 574 2109; x_wconf 86' lang='lat' dir='ltr'>varias</span> <span class='ocrx_word' id='word_1_140' title='bbox 596 2050 753 2128; x_wconf 89' lang='lat' dir='ltr'>disponere</span> <span class='ocrx_word' id='word_1_141' title='bbox 774 2049 880 2129; x_wconf 68' lang='lat' dir='ltr'>plantas</span> 
     </span>
    </p>

    <p class='ocr_par' dir='ltr' id='par_1_22' title="bbox 95 2134 843 2197">
     <span class='ocr_line' id='line_1_23' title="bbox 95 2134 843 2197; baseline -0.001 -4"><span class='ocrx_word' id='word_1_142' title='bbox 95 2140 182 2194; x_wconf 91' lang='lat' dir='ltr'>norat</span> <span class='ocrx_word' id='word_1_143' title='bbox 203 2142 232 2194; x_wconf 92' lang='lat' dir='ltr'>et</span> <span class='ocrx_word' id='word_1_144' title='bbox 252 2134 383 2197; x_wconf 87' lang='lat' dir='ltr'>occultae</span> <span class='ocrx_word' id='word_1_145' title='bbox 406 2135 589 2194; x_wconf 85' lang='lat' dir='ltr'>committere</span> <span class='ocrx_word' id='word_1_146' title='bbox 611 2136 723 2194; x_wconf 92' lang='lat' dir='ltr'>semina</span> <span class='ocrx_word' id='word_1_147' title='bbox 745 2141 843 2193; x_wconf 87' lang='lat' dir='ltr'>terrae</span> 
     </span>
    </p>

    <p class='ocr_par' dir='ltr' id='par_1_23' title="bbox 96 2217 745 2297">
     <span class='ocr_line' id='line_1_24' title="bbox 96 2217 745 2297; baseline 0.002 -22"><span class='ocrx_word' id='word_1_148' title='bbox 96 2219 264 2296; x_wconf 89' lang='lat' dir='ltr'>vicinosque</span> <span class='ocrx_word' id='word_1_149' title='bbox 285 2225 352 2297; x_wconf 91' lang='lat' dir='ltr'>apta</span> <span class='ocrx_word' id='word_1_150' title='bbox 373 2235 443 2277; x_wconf 90' lang='lat' dir='ltr'>cura</span> <span class='ocrx_word' id='word_1_151' title='bbox 465 2217 637 2278; x_wconf 85' lang='lat' dir='ltr'>submittere</span> <span class='ocrx_word' id='word_1_152' title='bbox 658 2219 745 2277; x_wconf 86' lang='lat' dir='ltr'>rivos.</span> 
     </span>
    </p>

    <p class='ocr_par' dir='ltr' id='par_1_24' title="bbox 94 2298 838 2369">
     <span class='ocr_line' id='line_1_25' title="bbox 94 2298 838 2369; baseline 0 -9"><span class='ocrx_word' id='word_1_153' title='bbox 94 2301 144 2361; x_wconf 90' lang='lat' dir='ltr'>hic</span> <span class='ocrx_word' id='word_1_154' title='bbox 166 2299 243 2369; x_wconf 89' lang='lat' dir='ltr'>olus,</span> <span class='ocrx_word' id='word_1_155' title='bbox 266 2301 315 2360; x_wconf 93' lang='lat' dir='ltr'>hic</span> <span class='ocrx_word' id='word_1_156' title='bbox 336 2299 394 2358; x_wconf 88' lang='lat' dir='ltr'>late</span> <span class='ocrx_word' id='word_1_157' title='bbox 416 2300 572 2361; x_wconf 82' lang='lat' dir='ltr'>tundentes</span> <span class='ocrx_word' id='word_1_158' title='bbox 593 2301 730 2360; x_wconf 88' lang='lat' dir='ltr'>bracchia</span> <span class='ocrx_word' id='word_1_159' title='bbox 752 2298 838 2360; x_wconf 85' lang='lat' dir='ltr'>betae</span> 
     </span>
    </p>

    <p class='ocr_par' dir='ltr' id='par_1_25' title="bbox 95 2380 959 2466">
     <span class='ocr_line' id='line_1_26' title="bbox 95 2380 959 2466; baseline 0.006 -25"><span class='ocrx_word' id='word_1_160' title='bbox 95 2382 296 2460; x_wconf 84' lang='lat' dir='ltr'>secundusque</span> <span class='ocrx_word' id='word_1_161' title='bbox 318 2399 421 2440; x_wconf 82' lang='lat' dir='ltr'>rumex</span> <span class='ocrx_word' id='word_1_162' title='bbox 445 2380 614 2461; x_wconf 79' lang='lat' dir='ltr'>maluaeque</span> <span class='ocrx_word' id='word_1_163' title='bbox 636 2385 793 2466; x_wconf 87' lang='lat' dir='ltr'>inulaeque</span> <span class='ocrx_word' id='word_1_164' title='bbox 815 2387 959 2453; x_wconf 86' lang='lat' dir='ltr'>virebant,</span> 
     </span>
    </p>

    <p class='ocr_par' dir='ltr' id='par_1_26' title="bbox 95 2463 810 2542">
     <span class='ocr_line' id='line_1_27' title="bbox 95 2463 810 2542; baseline 0.001 -18"><span class='ocrx_word' id='word_1_165' title='bbox 95 2465 144 2525; x_wconf 86' lang='lat' dir='ltr'>hic</span> <span class='ocrx_word' id='word_1_166' title='bbox 165 2466 239 2523; x_wconf 88' lang='lat' dir='ltr'>siser</span> <span class='ocrx_word' id='word_1_167' title='bbox 262 2472 290 2523; x_wconf 92' lang='lat' dir='ltr'>et</span> <span class='ocrx_word' id='word_1_168' title='bbox 312 2481 421 2522; x_wconf 90' lang='lat' dir='ltr'>nomen</span> <span class='ocrx_word' id='word_1_169' title='bbox 445 2465 532 2540; x_wconf 87' lang='lat' dir='ltr'>capiti</span> <span class='ocrx_word' id='word_1_170' title='bbox 555 2463 690 2523; x_wconf 89' lang='lat' dir='ltr'>debentia</span> <span class='ocrx_word' id='word_1_171' title='bbox 711 2482 810 2542; x_wconf 88' lang='lat' dir='ltr'>porra,</span> 
     </span>
    </p>

    <p class='ocr_par' dir='ltr' id='par_1_27' title="bbox 97 2544 901 2629">
     <span class='ocr_line' id='line_1_28' title="bbox 97 2544 901 2629; baseline 0.002 -22"><span class='ocrx_word' id='word_1_172' title='bbox 97 2544 156 2629; x_wconf 88' lang='lat' dir='ltr'>[hic</span> <span class='ocrx_word' id='word_1_173' title='bbox 179 2547 266 2606; x_wconf 90' lang='lat' dir='ltr'>etiam</span> <span class='ocrx_word' id='word_1_174' title='bbox 289 2563 415 2606; x_wconf 90' lang='lat' dir='ltr'>nocuum</span> <span class='ocrx_word' id='word_1_175' title='bbox 439 2547 526 2623; x_wconf 87' lang='lat' dir='ltr'>capiti</span> <span class='ocrx_word' id='word_1_176' title='bbox 549 2545 736 2625; x_wconf 84' lang='lat' dir='ltr'>gelidumque</span> <span class='ocrx_word' id='word_1_177' title='bbox 757 2547 901 2629; x_wconf 83' lang='lat' dir='ltr'>papaver]</span> 
     </span>
    </p>

    <p class='ocr_par' dir='ltr' id='par_1_28' title="bbox 96 2627 916 2791">
     <span class='ocr_line' id='line_1_29' title="bbox 96 2627 837 2710; baseline 0.003 -21"><span class='ocrx_word' id='word_1_178' title='bbox 96 2637 236 2710; x_wconf 85' lang='lat' dir='ltr'>grataque</span> <span class='ocrx_word' id='word_1_179' title='bbox 259 2627 399 2690; x_wconf 91' lang='lat' dir='ltr'>nobilium</span> <span class='ocrx_word' id='word_1_180' title='bbox 423 2629 539 2708; x_wconf 88' lang='lat' dir='ltr'>requies</span> <span class='ocrx_word' id='word_1_181' title='bbox 560 2628 671 2689; x_wconf 91' lang='lat' dir='ltr'>lactuca</span> <span class='ocrx_word' id='word_1_182' title='bbox 694 2629 837 2701; x_wconf 86' lang='lat' dir='ltr'>ciborum,</span> 
     </span>
     <span class='ocr_line' id='line_1_30' title="bbox 139 2713 916 2791; baseline 0 -17"><span class='ocrx_word' id='word_1_183' title='bbox 139 2759 354 2774; x_wconf 85' lang='grc'><em>.....</em></span> <span class='ocrx_word' id='word_1_184' title='bbox 399 2713 505 2773; x_wconf 88' lang='lat' dir='ltr'>crescit</span> <span class='ocrx_word' id='word_1_185' title='bbox 527 2714 654 2791; x_wconf 91' lang='lat' dir='ltr'>quaein</span> <span class='ocrx_word' id='word_1_186' title='bbox 676 2715 812 2778; x_wconf 87' lang='lat' dir='ltr'>acumina</span> <span class='ocrx_word' id='word_1_187' title='bbox 833 2714 916 2775; x_wconf 84' lang='lat' dir='ltr'>radix</span> 
     </span>
    </p>

    <p class='ocr_par' dir='ltr' id='par_1_29' title="bbox 96 2794 885 2876">
     <span class='ocr_line' id='line_1_31' title="bbox 96 2794 885 2876; baseline -0.003 -18"><span class='ocrx_word' id='word_1_188' title='bbox 96 2807 125 2858; x_wconf 87' lang='lat' dir='ltr'>ct</span> <span class='ocrx_word' id='word_1_189' title='bbox 146 2798 242 2876; x_wconf 83' lang='lat' dir='ltr'>gravis</span> <span class='ocrx_word' id='word_1_190' title='bbox 263 2799 295 2857; x_wconf 91' lang='lat' dir='ltr'>in</span> <span class='ocrx_word' id='word_1_191' title='bbox 316 2794 406 2857; x_wconf 88' lang='lat' dir='ltr'>latum</span> <span class='ocrx_word' id='word_1_192' title='bbox 429 2795 546 2856; x_wconf 89' lang='lat' dir='ltr'>dimissa</span> <span class='ocrx_word' id='word_1_193' title='bbox 570 2794 721 2856; x_wconf 88' lang='lat' dir='ltr'>cucurbita</span> <span class='ocrx_word' id='word_1_194' title='bbox 743 2804 885 2856; x_wconf 83' lang='lat' dir='ltr'>ventrem.</span> 
     </span>
    </p>

    <p class='ocr_par' dir='ltr' id='par_1_30' title="bbox 95 2878 982 2960">
     <span class='ocr_line' id='line_1_32' title="bbox 95 2878 982 2960; baseline 0 -19"><span class='ocrx_word' id='word_1_195' title='bbox 95 2899 195 2942; x_wconf 88' lang='lat' dir='ltr'>verum</span> <span class='ocrx_word' id='word_1_196' title='bbox 219 2882 267 2942; x_wconf 93' lang='lat' dir='ltr'>hic</span> <span class='ocrx_word' id='word_1_197' title='bbox 290 2898 348 2941; x_wconf 93' lang='lat' dir='ltr'>non</span> <span class='ocrx_word' id='word_1_198' title='bbox 371 2880 481 2941; x_wconf 91' lang='lat' dir='ltr'>domini</span> <span class='ocrx_word' id='word_1_199' title='bbox 505 2880 580 2960; x_wconf 89' lang='lat' dir='ltr'>(quis</span> <span class='ocrx_word' id='word_1_200' title='bbox 601 2881 680 2940; x_wconf 92' lang='lat' dir='ltr'>enim</span> <span class='ocrx_word' id='word_1_201' title='bbox 702 2882 881 2941; x_wconf 79' lang='lat' dir='ltr'>contractIor</span> <span class='ocrx_word' id='word_1_202' title='bbox 902 2878 982 2960; x_wconf 81' lang='lat' dir='ltr'>illol)</span> 
     </span>
    </p>

    <p class='ocr_par' dir='ltr' id='par_1_31' title="bbox 95 2964 840 3045">
     <span class='ocr_line' id='line_1_33' title="bbox 95 2964 840 3045; baseline 0 -21"><span class='ocrx_word' id='word_1_203' title='bbox 95 2964 147 3024; x_wconf 92' lang='lat' dir='ltr'>sed</span> <span class='ocrx_word' id='word_1_204' title='bbox 168 2965 269 3044; x_wconf 92' lang='lat' dir='ltr'>populi</span> <span class='ocrx_word' id='word_1_205' title='bbox 290 2974 448 3045; x_wconf 90' lang='lat' dir='ltr'>proventus</span> <span class='ocrx_word' id='word_1_206' title='bbox 471 2972 547 3034; x_wconf 90' lang='lat' dir='ltr'>erat,</span> <span class='ocrx_word' id='word_1_207' title='bbox 572 2966 715 3044; x_wconf 89' lang='lat' dir='ltr'>nonisque</span> <span class='ocrx_word' id='word_1_208' title='bbox 738 2964 840 3027; x_wconf 89' lang='lat' dir='ltr'>diebus</span> 
     </span>
    </p>

    <p class='ocr_par' dir='ltr' id='par_1_32' title="bbox 95 3047 803 3129">
     <span class='ocr_line' id='line_1_34' title="bbox 95 3047 803 3129; baseline 0.007 -24"><span class='ocrx_word' id='word_1_209' title='bbox 95 3047 213 3107; x_wconf 87' lang='lat' dir='ltr'>venales</span> <span class='ocrx_word' id='word_1_210' title='bbox 234 3068 337 3109; x_wconf 84' lang='lat' dir='ltr'>umaro</span> <span class='ocrx_word' id='word_1_211' title='bbox 359 3050 453 3112; x_wconf 85' lang='lat' dir='ltr'>fasces</span> <span class='ocrx_word' id='word_1_212' title='bbox 474 3048 610 3129; x_wconf 87' lang='lat' dir='ltr'>portabat</span> <span class='ocrx_word' id='word_1_213' title='bbox 631 3051 662 3108; x_wconf 93' lang='lat' dir='ltr'>in</span> <span class='ocrx_word' id='word_1_214' title='bbox 683 3049 803 3111; x_wconf 86' lang='lat' dir='ltr'>urbem:</span> 
     </span>
    </p>

    <p class='ocr_par' dir='ltr' id='par_1_33' title="bbox 97 3129 906 3211">
     <span class='ocr_line' id='line_1_35' title="bbox 97 3129 906 3211; baseline 0.006 -24"><span class='ocrx_word' id='word_1_215' title='bbox 97 3129 165 3188; x_wconf 75' lang='lat' dir='ltr'>&#39;nde</span> <span class='ocrx_word' id='word_1_216' title='bbox 188 3130 306 3190; x_wconf 90' lang='lat' dir='ltr'>domum</span> <span class='ocrx_word' id='word_1_217' title='bbox 328 3135 442 3194; x_wconf 89' lang='lat' dir='ltr'>cervice</span> <span class='ocrx_word' id='word_1_218' title='bbox 464 3133 551 3203; x_wconf 88' lang='lat' dir='ltr'>levis,</span> <span class='ocrx_word' id='word_1_219' title='bbox 575 3135 670 3211; x_wconf 81' lang='lat' dir='ltr'>gravis</span> <span class='ocrx_word' id='word_1_220' title='bbox 692 3151 761 3194; x_wconf 90' lang='lat' dir='ltr'>aere</span> <span class='ocrx_word' id='word_1_221' title='bbox 782 3133 906 3201; x_wconf 88' lang='lat' dir='ltr'>redibat,</span> 
     </span>
    </p>

    <p class='ocr_par' dir='ltr' id='par_1_34' title="bbox 97 3213 876 3290">
     <span class='ocr_line' id='line_1_36' title="bbox 97 3213 876 3290; baseline 0 -18"><span class='ocrx_word' id='word_1_222' title='bbox 97 3213 142 3272; x_wconf 82' lang='lat' dir='ltr'>rix</span> <span class='ocrx_word' id='word_1_223' title='bbox 157 3229 304 3290; x_wconf 85' lang='lat' dir='ltr'>¹umquam</span> <span class='ocrx_word' id='word_1_224' title='bbox 327 3214 432 3274; x_wconf 90' lang='lat' dir='ltr'>urbani</span> <span class='ocrx_word' id='word_1_225' title='bbox 455 3219 609 3277; x_wconf 86' lang='lat' dir='ltr'>comitatus</span> <span class='ocrx_word' id='word_1_226' title='bbox 630 3233 729 3276; x_wconf 88' lang='lat' dir='ltr'>merce</span> <span class='ocrx_word' id='word_1_227' title='bbox 751 3213 876 3274; x_wconf 86' lang='lat' dir='ltr'>macelli.</span> 
     </span>
    </p>

    <p class='ocr_par' dir='ltr' id='par_1_35' title="bbox 97 3295 897 3375">
     <span class='ocr_line' id='line_1_37' title="bbox 97 3295 897 3375; baseline -0.003 -20"><span class='ocrx_word' id='word_1_228' title='bbox 97 3312 168 3372; x_wconf 89' lang='lat' dir='ltr'>cepa</span> <span class='ocrx_word' id='word_1_229' title='bbox 191 3295 300 3354; x_wconf 89' lang='lat' dir='ltr'>rubens</span> <span class='ocrx_word' id='word_1_230' title='bbox 322 3299 452 3375; x_wconf 78' lang='lat' dir='ltr'>sentique</span> <span class='ocrx_word' id='word_1_231' title='bbox 474 3300 581 3359; x_wconf 83' lang='lat' dir='ltr'>samem</span> <span class='ocrx_word' id='word_1_232' title='bbox 605 3296 703 3356; x_wconf 92' lang='lat' dir='ltr'>domat</span> <span class='ocrx_word' id='word_1_233' title='bbox 725 3314 792 3356; x_wconf 89' lang='lat' dir='ltr'>area</span> <span class='ocrx_word' id='word_1_234' title='bbox 814 3295 897 3373; x_wconf 91' lang='lat' dir='ltr'>porri</span> 
     </span>
    </p>

    <p class='ocr_par' dir='ltr' id='par_1_36' title="bbox 97 3377 855 3458">
     <span class='ocr_line' id='line_1_38' title="bbox 97 3377 855 3458; baseline 0 -21"><span class='ocrx_word' id='word_1_235' title='bbox 97 3395 227 3458; x_wconf 90' lang='lat' dir='ltr'>quaeque</span> <span class='ocrx_word' id='word_1_236' title='bbox 249 3377 371 3439; x_wconf 88' lang='lat' dir='ltr'>trahunt</span> <span class='ocrx_word' id='word_1_237' title='bbox 392 3382 454 3439; x_wconf 90' lang='lat' dir='ltr'>acri</span> <span class='ocrx_word' id='word_1_238' title='bbox 474 3381 568 3442; x_wconf 92' lang='lat' dir='ltr'>voltus</span> <span class='ocrx_word' id='word_1_239' title='bbox 590 3381 732 3439; x_wconf 76' lang='lat' dir='ltr'>nasturcia</span> <span class='ocrx_word' id='word_1_240' title='bbox 754 3396 855 3438; x_wconf 90' lang='lat' dir='ltr'>morsu</span> 
     </span>
    </p>

    <p class='ocr_par' dir='ltr' id='par_1_37' title="bbox 97 3460 930 3540">
     <span class='ocr_line' id='line_1_39' title="bbox 97 3460 930 3540; baseline -0.006 -17"><span class='ocrx_word' id='word_1_241' title='bbox 97 3460 245 3540; x_wconf 89' lang='lat' dir='ltr'>intibaque</span> <span class='ocrx_word' id='word_1_242' title='bbox 268 3468 297 3521; x_wconf 95' lang='lat' dir='ltr'>et</span> <span class='ocrx_word' id='word_1_243' title='bbox 318 3462 462 3522; x_wconf 84' lang='lat' dir='ltr'>Venerem</span> <span class='ocrx_word' id='word_1_244' title='bbox 484 3480 626 3525; x_wconf 86' lang='lat' dir='ltr'>revocans</span> <span class='ocrx_word' id='word_1_245' title='bbox 647 3479 733 3523; x_wconf 88' lang='lat' dir='ltr'>eruca</span> <span class='ocrx_word' id='word_1_246' title='bbox 756 3470 930 3523; x_wconf 91' lang='lat' dir='ltr'>morantem.</span> 
     </span>
    </p>
   </div>
   <div class='ocr_carea' id='block_1_3' title="bbox 164 3560 897 3624">
    <p class='ocr_par' dir='ltr' id='par_1_38' title="bbox 164 3560 897 3624">
     <span class='ocr_line' id='line_1_40' title="bbox 164 3560 897 3624; baseline 0.018 -14"><span class='ocrx_word' id='word_1_247' title='bbox 164 3576 296 3621; x_wconf 70' lang='lat' dir='ltr'>clarnos,</span> <span class='ocrx_word' id='word_1_248' title='bbox 315 3576 426 3614; x_wconf 75' lang='lat' dir='ltr'>venem.</span> <span class='ocrx_word' id='word_1_249' title='bbox 858 3560 897 3624; x_wconf 78' lang='lat'>25</span> 
     </span>
    </p>
   </div>
   <div class='ocr_carea' id='block_1_4' title="bbox 0 0 1209 3878">
    <p class='ocr_par' dir='ltr' id='par_1_39' title="bbox 0 0 1209 3878">
     <span class='ocr_line' id='line_1_41' title="bbox 0 0 1209 3878; baseline 0 0"><span class='ocrx_word' id='word_1_250' title='bbox 0 0 1209 3878; x_wconf 95' lang='lat' dir='ltr'> </span> 
     </span>
    </p>
   </div>
  </div>
 </body>
</html>
