2400 3878
350 207 492 254 vanornr
516 206 717 256 ononoroou
737 207 777 254 111
1022 194 1060 256 ct

59 369 147 440 atque
169 362 290 422 canuml
310 360 379 438 quid
401 378 476 438 quae
497 359 619 420 inbelles
641 362 710 421 dant
731 361 840 439 proelia
865 362 958 422 ceruii
1011 373 1063 427 265

60 445 128 523 quid
151 446 270 514 iuvenis,
293 461 430 522 magnum
453 444 499 503 cui
521 450 616 504 versat
637 446 666 504 in
689 444 802 505 ossibus
824 445 921 521 ignem
1011 454 1063 510 258

59 529 152 589 druos
173 529 273 589 amori
295 545 400 606 nempe
421 527 552 604 abruptis
573 527 689 588 turbata
711 527 847 606 procellis

60 619 145 673 oocte
166 619 245 672 natat
267 629 352 672 caeca
375 629 459 671 serus
481 610 570 679 lreta;
594 629 681 689 quem
703 629 791 688 super
813 613 915 688 ingens
1012 620 1064 672 260

58 702 142 772 porta
164 702 246 756 tonat
267 694 353 765 caeli,
382 703 411 755 et
432 693 558 772 scopulis
579 694 661 755 inlisa
682 694 842 755 reclamant

58 796 200 855 aequora;
224 797 279 839 nec
300 778 400 839 miseri
422 787 542 855 possunt
564 795 701 839 revocare
722 785 859 855 parentes

59 860 128 941 [neo
149 863 290 923 moritura
313 880 402 940 super
424 860 534 922 crudeli
556 861 658 921 sunere
680 860 785 941 virgo]
1013 868 1065 924 263

57 961 155 1005 nonne
177 945 271 1015 rides,
295 953 327 1006 ut
348 952 408 1005 tota
430 954 541 1005 tremor
562 952 739 1023 pertemptet
761 961 903 1023 equorum
1012 952 1064 1005 250

57 1045 196 1105 corpora,
219 1030 376 1090 sitantum
398 1036 481 1089 notas
503 1029 576 1087 odor
598 1027 692 1088 attulit
713 1028 816 1088 auras?

57 1129 92 1171 ac
113 1129 208 1190 nequo
231 1131 281 1172 eos
303 1115 360 1172 iam
382 1113 464 1172 irena
486 1112 579 1173 virum
601 1130 697 1191 neque
718 1110 841 1171 verbera
863 1128 957 1178 saeva,

58 1212 117 1254 non
139 1194 252 1273 scopuli
272 1214 420 1274 rupesque
441 1213 528 1256 cavae
548 1202 636 1274 atque
658 1194 771 1254 obiecta
792 1193 942 1255 retardant

57 1276 176 1338 flumina
196 1287 406 1357 correptosque
427 1279 505 1339 unda
526 1279 692 1357 torquentia
713 1278 829 1338 montis.

57 1359 167 1421 scilicet
188 1368 254 1422 ante
276 1363 369 1422 omnis
392 1362 474 1422 iuror
497 1371 540 1422 est
561 1363 681 1438 insignis
704 1379 860 1440 equarum;

57 1449 86 1503 et
107 1451 234 1504 mentem
256 1444 352 1504 Venus
374 1446 436 1522 ipsa
458 1445 550 1512 dedit,
574 1462 631 1522 quo
654 1451 785 1520 tempore
808 1442 908 1503 Glauci

57 1526 212 1586 Potniades
235 1524 316 1585 malis
338 1526 470 1587 membra
492 1525 683 1603 absumpsere
697 1525 864 1603 quadrigae.

62 1609 166 1686 *[illas
187 1610 269 1669 ducit
291 1627 374 1668 amor
395 1617 477 1669 trans
501 1608 629 1685 Gargara
654 1618 795 1686 transque
817 1618 971 1670 sonantem

61 1694 234 1759 Ascanium3
258 1701 400 1771 superant
421 1692 529 1752 montis
552 1699 581 1752 et
602 1691 723 1751 llumina
744 1690 887 1771 tranant]

61 1776 257 1854 continuoque
278 1777 367 1836 avidis
389 1776 439 1837 ubi
461 1775 575 1836 subdita
597 1775 713 1835 flamma
735 1773 869 1835 medullis

61 1857 139 1937 (vere
161 1860 266 1937 magis,
289 1860 355 1939 quia
377 1878 446 1920 vere
468 1858 548 1920 calor
569 1859 646 1919 redit
667 1857 806 1937 ossibus):
828 1857 894 1919 illae

60 1959 112 2001 ore
135 1960 236 2003 omnes
258 1961 358 2004 versae
380 1943 409 2002 in
431 1943 590 2022 zephyrum
612 1949 689 2001 stant
710 1941 833 2019 rupibus
854 1941 918 2002 altis
958 1946 961 1952 ⁴

61 2033 271 2104 exceptantque
292 2027 362 2087 levis
384 2043 485 2095 auras,
509 2034 537 2086 et
558 2043 644 2102 saepe
666 2026 728 2086 sine
749 2024 815 2085 ullis

62 2109 202 2187 coniugiis
224 2118 309 2170 vento
330 2111 465 2189 gravidae
488 2108 628 2185 (mirabile
650 2108 738 2188 dictu)

61 2210 129 2252 saxa
152 2210 205 2269 per
228 2201 256 2254 et
277 2193 413 2272 scopulos
435 2201 463 2254 et
484 2193 637 2271 depressas
659 2190 795 2252 convallis

61 2275 230 2352 diffugiunt,
255 2294 329 2347 non,
353 2295 437 2346 eure,
460 2285 541 2346 tuos,
564 2293 660 2353 neque
682 2274 751 2334 solis
773 2275 809 2334 ad
832 2283 922 2343 ortus,

62 2359 93 2418 in
114 2358 224 2419 borean
247 2378 441 2439 caurumque,
464 2369 514 2420 aut
534 2358 612 2420 unde
634 2359 809 2436 nigerrimus
830 2367 929 2418 auster

61 2442 190 2502 nascitur
212 2451 241 2502 et
262 2441 357 2519 pluvio
380 2444 531 2502 contristat
553 2442 662 2520 frigore
684 2440 805 2501 caelum.

62 2522 110 2582 hic
132 2523 264 2592 demum,
287 2525 477 2602 hippomanes
499 2542 568 2585 vero
590 2524 668 2601 quod
690 2524 807 2582 nomine
829 2522 928 2583 dicum

62 2613 209 2684 pastores,
231 2604 341 2667 lentum
364 2606 488 2667 destillat
509 2606 546 2666 ab
568 2607 687 2682 inguine
708 2606 796 2672 virus,

62 2689 267 2765 hippomanes,
289 2689 368 2768 quod
390 2707 476 2767 saepe
498 2688 591 2749 malae
613 2687 711 2765 legere
732 2705 875 2748 novercae

64 2773 300 2851 miscueruntque
321 2773 428 2834 herbas
450 2780 479 2833 et
500 2790 558 2831 non
580 2773 696 2832 innoxia
718 2769 816 2831 verba.

107 2855 165 2917 Sed
179 2856 252 2932 fugit
273 2857 399 2927 interea,
422 2856 495 2935 fugit
516 2855 710 2934 inreparabile
731 2862 855 2932 tempus,

64 2938 176 3016 singula
199 2940 268 3001 dum
291 2942 367 3019 capti
389 2942 649 3003 circumvectamur
671 2956 779 3000 amore.

64 3022 122 3083 hoc
142 3024 211 3083 satis
232 3026 386 3085 armentis:
408 3032 527 3103 superat
548 3042 616 3101 pars
637 3022 727 3084 altera
750 3039 847 3091 curae,

65 3104 210 3182 lanigeros
230 3109 341 3185 agitare
362 3126 466 3186 greges
488 3109 636 3186 hirtasque
658 3106 792 3184 capellas.

63 3190 126 3268 [hic
140 3189 233 3258 labor,
256 3190 324 3251 hinc
345 3191 461 3253 laudem
483 3192 573 3252 sortes
593 3197 709 3268 sperate
731 3187 851 3268 coloni]

66 3288 121 3331 nec
142 3289 206 3332 sum
228 3275 316 3334 animi
338 3274 457 3344 dubius,
486 3275 583 3335 verbis
606 3291 639 3333 ea
660 3273 777 3331 vincere
799 3289 936 3348 magnum

66 3371 153 3432 quarn
175 3355 212 3414 sit
233 3363 262 3415 et
282 3359 411 3437 angustis
431 3358 510 3419 hunc
531 3356 639 3419 addere
660 3353 926 3426 rebusqhonorem

67 3436 119 3498 sed
132 3454 180 3497 me
200 3438 320 3501 Parnasi
341 3442 456 3502 deserta
477 3459 531 3519 per
552 3439 643 3500 ardua
665 3436 757 3499 dulcis
