2400 3878
134 202 196 265 226
459 212 604 261 venetur
619 211 744 261 anusrs
762 211 812 260 vu

136 372 257 448 iraeque
277 367 458 447 insidiaeque
479 375 508 430 et
530 367 653 430 crimina
670 367 756 427 noxia
779 367 869 426 cordi.

136 453 196 514 odit
218 460 247 514 et
268 453 331 530 ipse
351 459 434 530 pater
456 451 572 522 Pluton,
594 450 683 511 odere
705 467 824 511 sorores

136 536 293 598 Tartareae
315 542 494 596 monstrum:
514 543 557 595 tot
579 552 643 594 sese
665 535 750 594 vertit
769 534 799 593 in
821 551 880 601 ora,

136 628 196 680 tam
213 637 315 681 saevae
337 620 434 688 iacles,
459 626 502 678 tot
522 617 644 696 pullulat
666 626 728 676 atra
751 615 888 676 colubris.

138 721 224 783 qnam
244 702 316 764 luno
338 703 383 763 his
406 703 483 763 acuit
506 700 601 762 verbis
623 719 657 762 ac
675 700 742 761 talia
763 700 855 761 latur:

138 785 231 848 ‘hunc
252 786 324 846 mibi
347 786 383 846 da
406 786 569 866 proprium,
591 785 672 861 virgo
695 793 756 844 sata
778 783 878 853 Nocte,
900 781 1045 854 laborem,

137 870 213 932 hanc
234 886 363 947 operam,
387 887 425 930 ne
443 876 543 930 noster
563 868 657 928 honos
679 868 838 927 infractave
858 866 942 928 cedat

137 954 214 1014 tama
234 951 300 1014 loco
319 971 376 1014 neu
399 951 531 1013 conubiis
554 951 667 1012 ambire
689 950 824 1011 Latinum

137 1035 291 1098 Aeneadae
312 1037 425 1114 possint
446 1035 570 1097 italosve
593 1034 729 1095 obsidere
751 1034 826 1094 finis.

137 1128 169 1181 tu
191 1127 275 1198 potes
297 1121 452 1181 unanimos
474 1137 590 1180 armare
612 1120 642 1178 in
663 1117 776 1196 proelia
795 1118 901 1178 iratres

138 1211 225 1280 atque
248 1203 320 1264 odiis
339 1221 456 1264 versare
475 1203 586 1273 domos,
606 1209 638 1263 tu
661 1202 783 1263 verbera
805 1201 888 1262 tectis

138 1287 335 1366 funereasque
358 1286 468 1348 inferre
490 1287 578 1356 iaces,
599 1285 654 1346 tibi
673 1287 791 1346 nomina
813 1282 900 1354 mille,

138 1369 217 1431 mille
238 1369 362 1431 nocendi
380 1377 467 1432 artes.
499 1369 658 1431 fecundum
681 1376 806 1431 concute
824 1373 935 1446 pectus,

138 1454 243 1515 dissice
265 1455 455 1532 compositam
475 1471 589 1533 pacem,
612 1470 677 1514 sere
697 1452 817 1512 crimina
837 1449 922 1511 belli:

139 1556 220 1600 arma
242 1537 309 1599 velit
330 1544 491 1617 poscatque
513 1536 599 1598 simul
620 1538 773 1614 rapiatque
794 1533 945 1596 iuventus!

180 1621 264 1682 llxlm
287 1622 450 1698 Gorgoneis
471 1620 582 1682 Allecto
603 1620 711 1680 iniecta
733 1618 852 1680 venenis

140 1705 285 1784 principio
306 1704 420 1765 Latium
443 1712 471 1766 et
492 1705 645 1765 laurentis
667 1710 742 1764 tecta
765 1703 879 1782 tyranni

140 1787 216 1849 celsa
237 1786 309 1864 petit
330 1788 507 1866 tacitumque
529 1786 643 1863 obsedit
663 1786 752 1847 limen
773 1788 901 1856 Amatae,

140 1888 227 1950 quam
249 1887 337 1948 super
359 1870 484 1931 adventu
506 1870 653 1931 Teucrum
675 1870 824 1949 Turnique
844 1869 1012 1947 hymenaeis

138 1954 283 2014 femineae
303 1953 454 2014 ardentem
477 1971 624 2032 curaeque
646 1955 766 2032 iraeque
788 1951 961 2031 coquebant.

138 2036 207 2098 huic
228 2036 282 2096 dea
301 2035 444 2098 caeruleis
462 2054 553 2098 unum
576 2037 612 2097 de
635 2036 764 2099 crinibus
786 2054 912 2114 anguem

140 2121 246 2180 conicit
267 2121 355 2198 inque
373 2121 468 2182 sinum
491 2121 662 2200 praecordia
684 2121 720 2180 ad
742 2121 852 2181 intuma
875 2118 981 2190 subdit,

140 2221 197 2282 quo
221 2202 377 2263 furibunda
399 2203 519 2265 domum
543 2212 676 2264 monstro
699 2205 874 2283 permisceat
893 2221 1021 2264 omnem.

139 2285 186 2346 ille
208 2287 284 2347 inter
306 2293 399 2348 vestes
421 2295 450 2348 et
469 2287 542 2348 levia
565 2296 686 2367 pectora
704 2287 803 2367 lapsus

140 2369 263 2431 volvitur
285 2375 394 2431 attactu
412 2369 491 2432 nullo
514 2370 643 2450 fallitque
665 2371 821 2439 furentem,

140 2454 286 2532 vipeream
309 2455 425 2533 spirans
447 2454 591 2522 anlmam;
613 2455 646 2515 tlt
667 2451 765 2515 tortile
788 2449 862 2513 collo

139 2555 244 2598 aurum
265 2538 368 2614 ingens
388 2537 518 2609 coluber,
537 2539 570 2599 tlt
590 2538 695 2617 longae
718 2539 815 2598 taenia
837 2537 923 2597 vittae

138 2621 318 2700 innectitque
340 2639 447 2693 comas,
471 2629 499 2683 et
520 2621 661 2683 membris
683 2620 814 2682 lubricus
836 2624 924 2681 errat.

142 2722 176 2764 ao
199 2704 268 2765 dum
289 2706 383 2782 prima
405 2703 468 2766 lues
486 2706 544 2766 udo
567 2705 703 2784 sublapsa
724 2722 835 2765 veneno

138 2793 315 2865 pertemptat
335 2805 439 2848 sensus
462 2795 549 2867 atque
567 2789 681 2850 ossibus
704 2787 833 2866 imphcat
852 2787 948 2865 ignem

137 2869 265 2929 necdum
286 2871 401 2931 animus
422 2878 483 2930 toto
505 2872 636 2949 percepit
656 2880 777 2949 pectore
797 2870 954 2937 flammam,

138 2950 254 3012 mollius
273 2961 301 3013 et
318 2952 402 3013 solito
424 2960 551 3014 matrum
573 2954 609 3015 de
627 2973 710 3016 more
733 2955 829 3016 locuta
848 2960 898 3025 est,

138 3033 229 3095 multa
247 3053 337 3114 super
359 3043 443 3097 natae
464 3035 621 3099 lacrimans
638 3038 831 3117 Phrygiisque
850 3037 1039 3116 hymenaeis:

139 3116 328 3180 ‘exulibusue
350 3119 436 3181 datur
458 3120 590 3182 ducenda
613 3121 731 3182 Lavinia
752 3120 885 3190 Teucris,

139 3218 157 3260 o
179 3203 301 3279 genitor,
324 3220 379 3264 nec
400 3210 429 3264 te
451 3205 572 3266 miseret
590 3212 753 3285 gnataeque
776 3203 895 3284 tuiquei

137 3300 194 3345 nec
217 3285 317 3346 matris
335 3287 461 3359 miseret,
486 3306 574 3368 quam
596 3289 691 3368 primo
713 3287 849 3367 aquilone
869 3285 1020 3366 relinquat

138 3368 269 3446 pertidus
293 3369 349 3432 alta
369 3379 472 3450 petens
490 3372 616 3433 abducta
638 3374 748 3451 virgine
770 3370 900 3451 praedo?

139 3467 176 3513 an
198 3469 259 3514 non
276 3453 319 3515 sic
337 3453 481 3531 Phrygius
502 3463 637 3534 penetrat
658 3456 877 3518 Lacedaemona
895 3459 998 3533 pastor
