2400 3878
426 219 568 267 vundtnl
589 219 713 268 nunnts
734 221 771 268 VI

86 376 111 436 si
131 382 160 435 te
182 373 261 435 nulla
281 383 378 435 movet
399 381 497 434 tantae
518 373 634 453 pietatis
655 373 767 452 imago,

86 467 115 518 at
131 475 248 518 ramum
273 455 365 519 huno'
385 456 490 536 (aperit
507 474 638 526 ramum,
659 459 709 535 qui
730 465 809 519 veste
831 456 948 538 latebat)

87 539 288 617 ‘adgnosces'
331 541 442 601 tumida
465 560 500 602 eu
522 542 650 600 iratum
672 540 762 600 corda
782 539 929 611 residunt,

86 643 141 685 nec
163 624 247 702 plura
270 624 333 685 his:
356 623 404 685 ille
426 624 573 685 admirans
594 623 760 685 venerabile
780 625 891 686 donum

86 707 179 768 fatalis
200 709 312 786 virgae,
335 707 423 786 longo
438 714 506 787 post
520 714 654 784 tempore
674 709 768 768 visum
776 730 789 778 ‚⁴

86 790 251 851 caeruleam
273 791 396 851 advertit
416 792 538 870 puppim
560 792 701 869 ripaeque
722 794 908 870 propinquat.

86 875 153 937 inde
171 873 241 934 alias
262 876 387 945 animas,
410 892 486 951 quae
506 892 561 954 per
583 876 649 952 iuga
670 874 758 953 longa
774 875 929 946 sedebant,

86 957 223 1018 deturbet
243 957 380 1038 laxatque
400 957 496 1027 ioros;
520 958 606 1019 simrd
628 959 733 1037 accipit
754 957 836 1020 alveo

84 1043 232 1118 ingentem
253 1043 381 1102 Aenean.
426 1043 536 1120 gemuit
557 1041 611 1102 sub
632 1042 763 1120 pondere
784 1042 889 1103 cumba

86 1125 177 1185 sutilis
199 1133 227 1185 et
248 1124 371 1186 multam
392 1127 505 1204 aceepit
526 1127 634 1186 rimosa
653 1124 799 1203 paludem.

85 1209 203 1268 tandem
224 1208 445 1270 transfluvium
462 1209 616 1270 incolumis
636 1217 791 1290 vatemque
813 1212 966 1288 virumque

84 1292 202 1351 iniormi
223 1290 292 1352 limo
315 1291 477 1370 glaucaque
496 1295 616 1370 exponit
637 1294 667 1353 in
686 1293 761 1354 ulva.
789 1331 857 1365 gs

128 1374 274 1436 Cerberus
296 1374 369 1436 haec
390 1377 494 1452 ingens
515 1376 623 1437 latratu
643 1393 735 1452 regna
757 1377 873 1438 trilauci

85 1466 238 1536 personat,
259 1458 382 1518 adverso
405 1459 551 1520 recubans
572 1460 706 1519 immanis
726 1462 756 1519 in
779 1467 873 1520 antro.

85 1542 133 1601 cui
153 1549 247 1609 vates,
272 1540 396 1603 horrere
419 1541 518 1601 videns
534 1542 592 1602 iam
615 1540 688 1601 colla
710 1541 854 1611 colubris,

84 1624 171 1686 melle
190 1632 357 1704 soporatam
379 1631 409 1686 et
429 1625 580 1686 medicatis
601 1624 734 1702 frugibus
759 1627 846 1686 oliam

85 1708 183 1769 obicit.
226 1707 275 1769 ifle
296 1708 373 1769 lame
394 1708 496 1769 rabida
518 1709 573 1768 tria
596 1715 713 1786 guttura
735 1708 868 1786 pandens

85 1793 205 1870 corripit
225 1791 369 1853 obiectam
391 1799 478 1870 atque
500 1792 638 1853 immania
657 1800 739 1870 terga
761 1792 879 1853 resolvit

85 1876 167 1936 lusus
189 1876 271 1937 humi
290 1883 411 1954 totoque
428 1876 533 1954 iugens
555 1874 720 1936 extenditur
743 1885 837 1937 antro.

85 1967 209 2037 occupat
229 1961 342 2020 leneas
364 1960 475 2021 aditum
495 1959 616 2022 custode
636 1959 750 2036 sepulto

86 2043 239 2122 evaditque
262 2043 340 2104 celer
362 2044 457 2122 ripam
478 2041 676 2105 inremeabilis
699 2043 804 2104 undae.

127 2128 270 2187 Continuo
292 2128 409 2188 auditae
428 2145 513 2189 voces
536 2129 649 2206 vagitus
669 2136 697 2188 et
718 2130 836 2205 ingens,

83 2211 286 2288 infantumque
306 2212 420 2273 animae
438 2211 556 2280 lienteS,
580 2212 610 2270 in
632 2210 731 2271 limine
753 2211 848 2289 primo

85 2312 158 2371 quos
181 2294 274 2354 dulcis
296 2297 370 2356 vitae
391 2297 515 2356 exsortis
538 2302 567 2355 et
590 2294 626 2355 ab
649 2294 743 2355 ubere
766 2302 868 2373 raptos

84 2376 202 2437 abstubt
221 2385 284 2437 atra
309 2379 371 2438 dies
394 2386 423 2438 et
445 2378 548 2439 iunere
571 2379 672 2438 mersit
694 2377 813 2438 acerbo.

84 2459 139 2519 bos
160 2460 239 2519 iuxta
260 2459 333 2520 falso
356 2462 484 2520 damnati
506 2448 627 2520 crimine
647 2463 759 2520 mortis.

85 2561 140 2603 nec
160 2559 230 2601 vero
249 2542 304 2603 hae
324 2544 387 2603 sine
409 2549 489 2602 sorte
512 2543 610 2611 datae,
634 2545 696 2602 sine
717 2542 827 2613 iudice,
850 2543 950 2604 sedes:

85 2627 233 2705 quaesitor
254 2624 347 2684 Minos
367 2642 472 2685 urnam
490 2633 602 2693 movet;
621 2625 670 2685 ille
691 2624 828 2685 silentum

86 2707 301 2786 conciliumque
324 2718 408 2768 vocet
428 2709 558 2786 vitasque
578 2716 606 2768 et
628 2709 750 2768 erimina
772 2709 864 2769 discit.

84 2794 218 2872 proxima
241 2791 347 2853 deinde
364 2799 465 2854 tenent
487 2793 589 2852 maesti
607 2780 687 2861 loca,
711 2793 761 2870 qui
782 2793 837 2853 sibi
858 2792 948 2885 letum

83 2879 214 2937 insontes
236 2894 380 2955 peperere
401 2893 491 2936 manu
508 2875 664 2956 lucemque
685 2877 784 2954 perosi

83 2962 237 3038 proiecere
259 2963 379 3021 animas.
424 2977 511 3038 quam
533 2959 640 3021 vellent
659 2959 825 3022 aetherem
846 2961 903 3022 alto

84 3062 163 3104 uunc
186 3052 215 3104 et
235 3046 406 3122 pauperiem
428 3051 457 3104 et
479 3043 569 3105 duros
592 3045 727 3122 perferre
748 3043 879 3107 labores!

85 3127 128 3187 las
149 3126 259 3196 obstat,
284 3131 432 3207 tristisque
454 3127 538 3206 palus
560 3127 723 3189 inamabilis
744 3129 841 3189 undae

85 3210 183 3286 alligat
204 3217 234 3271 et
253 3214 373 3273 uomens
395 3212 465 3289 Styx
487 3212 627 3272 interfusa
651 3221 776 3270 coercet.

85 3311 139 3354 nec
161 3293 264 3370 procul
283 3295 352 3356 hinc
372 3303 486 3373 partem
508 3294 564 3355 lusi
585 3302 786 3355 monstrantur
807 3295 837 3353 in
860 3311 977 3354 ornnem

83 3377 216 3455 lugentes
237 3380 348 3458 eampi;
370 3380 412 3439 sio
434 3378 499 3439 illos
518 3379 636 3439 nomine
658 3377 768 3437 dicunt.

85 3462 132 3521 uic
150 3478 224 3537 quos
243 3461 334 3522 durus
355 3479 439 3521 amor
462 3461 574 3523 crudeli
596 3461 664 3521 tabe
686 3461 814 3536 peredit.

1051 385 1103 438 405
