2400 3878
432 216 574 266 venarer
593 218 718 266 munis
737 219 789 266 xu
1050 208 1111 272 att

106 374 210 451 regina
232 381 265 431 ut
282 372 366 433 tectis
385 372 549 432 venientem
566 371 707 449 prospicit
724 371 848 440 hostem,
1060 382 1111 435 tet

106 456 216 516 incessi
237 472 348 524 muros,
366 454 441 531 ignis
464 455 501 514 ad
518 463 594 515 tecta
613 453 720 524 volare,

106 555 254 616 nusquam
275 540 352 598 acies
374 549 475 598 oontm
497 536 627 607 Rutulas,
651 536 729 598 nuda
749 539 863 614 agmina
885 539 992 599 Turni:

106 620 209 682 infelix
229 638 345 698 pugnae
365 622 499 681 iuvenem
521 622 552 679 in
572 621 729 681 certamine
750 622 843 700 credit

107 704 268 765 extinctum
287 710 324 771 et,
347 704 442 765 subito
463 709 591 763 mentem
611 703 726 765 turbata
747 704 856 774 dolore,

108 804 141 847 ee
162 803 279 847 causam
302 786 406 847 clamat
425 788 594 864 crimenque
615 797 760 865 caputque
779 786 932 856 malorum,

111 868 261 949 multaque
283 887 336 946 per
357 878 499 930 maestum
520 869 640 930 demens
662 872 745 931 effata
765 872 896 932 furorem

108 968 275 1033 purpureos
297 953 437 1013 moritura
459 971 546 1013 manu
568 953 702 1013 discindit
721 957 844 1015 amictus

89 1037 140 1110 (et
162 1034 271 1095 nodum
290 1036 423 1096 iniormis
443 1035 492 1097 leti
510 1036 594 1096 trabe
615 1038 704 1097 nectit
724 1037 760 1097 ab
784 1033 864 1114 alta)

87 1111 198 1195 ‘mam
220 1117 331 1178 cladem
350 1120 474 1186 miserae
494 1128 649 1199 postquam
669 1138 810 1200 accepere
831 1122 958 1188 Latinae,

109 1199 168 1260 tilia
187 1202 283 1279 prima
304 1220 391 1262 manu
410 1201 499 1262 iloros
517 1203 633 1263 Lavinis
654 1205 744 1264 crinis

109 1291 140 1343 et
162 1300 262 1344 roseas
283 1283 388 1345 laniata
410 1301 509 1361 genas,
531 1294 592 1346 tum
616 1295 714 1348 cetera
733 1290 843 1348 circum

107 1364 195 1427 turba
216 1367 300 1427 furit:
319 1376 458 1429 resonant
479 1368 535 1429 late
556 1368 746 1447 plangoribus
767 1370 864 1431 aedes.

107 1449 178 1510 binc
198 1456 288 1509 totam
306 1451 406 1512 infelix
427 1451 560 1527 volgatur
582 1453 657 1512 lama
678 1470 732 1529 per
754 1452 868 1512 urbem.

107 1531 264 1593 demittunt
286 1530 414 1603 mentes;
437 1537 458 1595 it
482 1535 571 1594 scissa
591 1544 670 1596 veste
690 1535 817 1604 Latinus,

108 1616 241 1694 coniugis
263 1619 399 1678 attonitus
419 1617 483 1678 iatis
504 1618 644 1696 urbisque
662 1619 756 1687 ruina,

108 1699 244 1759 canitiem
263 1701 403 1761 inmundo
426 1701 574 1778 perfusam
595 1700 715 1778 pulvere
734 1710 864 1780 turpans.

150 1781 263 1843 Interea
285 1794 415 1845 extremo
439 1783 561 1844 bellator
583 1786 613 1844 iu
634 1802 763 1862 aequore
784 1785 901 1846 Turnus

106 1862 231 1944 palantis
250 1869 382 1943 sequitur
403 1885 512 1946 paucos
533 1869 591 1928 iam
612 1869 729 1947 segnior
750 1877 836 1948 atque

106 1949 167 2009 iam
188 1949 283 2009 minus
302 1959 389 2026 atque
410 1955 507 2012 miuus
529 1968 668 2013 successu
689 1951 781 2015 laetus
803 1971 964 2031 equorum,

107 2028 203 2092 attulit
224 2031 302 2092 bunc
325 2032 366 2092 illi
388 2036 481 2095 caecis
499 2035 661 2097 terroribus
678 2054 749 2097 aura

108 2115 296 2176 commixtum
317 2114 474 2179 clamorem
497 2127 683 2198 arrectasque
704 2119 819 2199 impulit
837 2121 915 2181 auris

109 2196 247 2258 confusae
263 2216 353 2260 sonus
374 2201 457 2262 urbis
476 2209 504 2263 et
520 2201 686 2276 inlaetabile
708 2222 851 2264 murmur.

110 2281 153 2340 ‘ei
173 2280 257 2341 mihi!
279 2284 349 2360 quid
370 2293 450 2346 tauto
471 2286 627 2346 turbentur
647 2288 761 2348 moenia
782 2285 880 2347 luctui

108 2365 209 2440 quisve
225 2365 285 2425 ruit
303 2374 399 2427 tantus
421 2368 533 2428 diversa
555 2369 665 2428 clamor
687 2368 723 2428 ab
747 2368 854 2429 urbel'

107 2448 151 2508 sic
170 2448 210 2506 ait
228 2449 417 2526 adductisque
436 2468 537 2510 amens
558 2450 689 2510 subsistit
709 2449 840 2510 habenis.

107 2539 195 2607 atque
216 2531 292 2600 huic,
315 2533 346 2592 iu
368 2531 471 2592 faciem
491 2549 576 2591 soror
597 2539 631 2592 ut
651 2550 790 2592 conversa
809 2531 919 2594 Metisci

107 2614 226 2690 aurigae
249 2632 428 2693 currumque
449 2621 478 2675 et
496 2633 587 2694 equos
608 2622 636 2674 et
657 2612 720 2674 lora
741 2613 871 2690 regebat,

106 2695 213 2756 talibus
232 2698 361 2758 occurrit
381 2697 481 2757 dictis:
503 2697 583 2767 ‘bac
605 2696 713 2766 Turne,
737 2714 893 2774 sequamur

107 2777 300 2858 Troiugenas,
320 2797 377 2856 qua
398 2781 587 2858 primariam
605 2781 727 2840 victoria
747 2780 863 2857 paudit;

108 2870 177 2922 sunt
197 2863 253 2930 alii,
276 2865 327 2942 qui
347 2871 423 2924 tecta
442 2881 530 2924 mauu
551 2862 708 2924 defendere
727 2863 848 2942 possint.

108 2945 218 3021 ingruit
236 2945 348 3008 deneas
369 2947 447 3009 italis
469 2956 497 3009 et
517 2946 629 3025 proelia
649 2948 766 3007 miscet:

109 3035 138 3087 et
159 3046 212 3087 nos
234 3046 318 3090 saeva
338 3049 427 3092 mann
448 3033 595 3093 mittamus
617 3031 720 3092 lunera
739 3030 869 3090 Teucris.

107 3129 164 3252 *ec
185 3114 449 3254 numegohinierior
467 3134 582 3194 pugnae
599 3133 654 3175 nec
674 3115 786 3175 honore
808 3110 947 3172 recedes!

134 3210 227 3252 urnus
250 3212 265 3251 a
328 3213 379 3256 aec

109 3311 308 3321 ---——...

109 3359 247 3433 mumque
261 3378 290 3418 se
304 3364 417 3429 incusat,
433 3368 480 3441 qui
497 3384 553 3423 uon
566 3368 700 3441 acceperit
715 3375 777 3423 ante

109 3442 265 3501 bardarium
280 3446 386 3502 Aenean
400 3465 584 3524 generumque
598 3449 738 3507 adsciverit
752 3447 835 3506 ultro.
