2400 3878
406 175 550 223 vnnolm
570 176 699 226 Annulo
717 178 729 223 1

63 331 233 392 exciderant
252 331 364 399 animo:
395 339 498 391 manet
514 331 571 391 alta
593 339 691 392 mente
710 339 861 409 repostum

64 415 203 475 iudicium
224 415 337 475 Paridis
359 422 534 494 spretaeque
556 416 661 476 iniuria
684 417 796 477 formae

63 506 93 559 et
114 516 206 577 genus
228 499 352 559 inrisum
392 508 421 560 et
440 500 516 577 rapti
539 499 715 577 Ganymedis
734 498 888 578 bonoresl:

63 582 108 641 bis
131 600 251 642 accensa
274 584 505 660 superiactatos
528 601 656 661 aequore
677 590 739 643 toto

62 665 170 737 Troas,
191 666 329 745 reliquias
351 665 483 727 Danaum
506 675 595 745 atque
616 669 735 728 immitis
754 665 868 736 lembi,

63 749 183 811 arcebat
199 749 287 826 longe
310 750 407 820 Latio,
434 750 600 829 multosque
622 767 677 827 per
699 768 793 811 annos

64 832 203 893 errabant
224 835 281 894 acti
302 834 367 896 latis
390 837 482 894 maria
504 837 601 896 omnia
625 837 746 896 circum.

63 924 159 977 tantae
179 916 265 978 molis
283 927 346 979 erat
367 920 529 979 Romanam
552 919 679 981 condere
701 926 828 995 gentem.

104 999 156 1060 Vix
179 1020 195 1062 e
214 1012 373 1080 conspectu
395 1002 509 1063 Siculae
528 1002 641 1063 telluris
661 1004 692 1063 in
714 1002 805 1063 altum

62 1083 124 1144 vela
147 1085 255 1146 dabant
276 1085 345 1147 laeti
366 1095 394 1149 et
415 1104 535 1164 spumas
555 1085 623 1147 salis
644 1104 712 1148 aere
732 1086 871 1154 ruebant,

61 1185 129 1227 cum
151 1168 224 1229 luno
245 1178 397 1232 aeternum
415 1188 535 1231 servans
556 1170 611 1232 sub
633 1178 755 1249 pectore
774 1169 877 1231 volnus

63 1261 135 1318 haec
156 1269 273 1312 secum:
297 1264 400 1315 ‘mene
421 1256 538 1332 incepto
561 1256 702 1316 desistere
722 1256 843 1324 rictam,

61 1351 117 1394 nec
138 1353 225 1412 posse
245 1336 326 1398 ltalia
347 1338 531 1400 Teucrorum
553 1349 685 1400 avertere
705 1339 825 1417 regem?

63 1419 171 1495 quippe
192 1429 273 1479 vetor
296 1422 371 1481 latis.
415 1422 548 1483 Pallasne
569 1441 695 1483 exurere
715 1422 839 1482 classem

62 1503 200 1577 Argivom
218 1510 306 1582 atque
327 1507 407 1581 ipsos
427 1506 520 1581 potuit
537 1504 729 1581 submergere
744 1512 834 1581 ponto

63 1588 148 1645 unius
170 1586 208 1646 ob
230 1605 338 1647 noxam
360 1595 389 1648 et
411 1587 502 1648 furias
519 1588 614 1648 iliacis
635 1587 708 1647 Oilii

61 1669 124 1745 ipsa
145 1668 220 1730 loris
242 1672 378 1748 rapidum
399 1671 523 1732 iaculata
546 1692 562 1733 e
584 1670 712 1732 nubibus
732 1671 831 1746 ignem

58 1753 233 1831 disiecitque
254 1763 333 1815 rates
355 1757 516 1831 evertitque
536 1773 665 1833 aequora
685 1754 792 1823 ventis,

60 1834 144 1896 illum
163 1841 345 1915 expirantem
366 1840 507 1899 transfixo
528 1846 649 1917 pectore
669 1838 802 1898 flammas

61 1917 178 1981 turbine
201 1924 344 2000 corripuit
366 1922 547 2008 scopuloque
550 1925 599 2011 pin
640 1924 662 1982 it
682 1928 790 2064 acuppp

57 1989 106 2061 alt
125 2021 196 2081 ego,
224 1989 315 2084 quael
321 2007 418 2068 divom
439 2007 543 2068 incedo
566 1924 684 2084 regina,
706 2005 737 2065 lo
758 2005 840 2082 'sque

61 2093 89 2146 et
111 2104 196 2147 soror
216 2097 245 2149 et
267 2093 409 2160 coniunx,
430 2109 489 2151 una
510 2109 577 2151 cum
599 2099 688 2167 gente
710 2096 754 2148 tot
771 2105 865 2147 annos

60 2168 138 2230 bella
159 2187 240 2247 gero.
285 2183 314 2234 et
336 2176 490 2252 quisquam
507 2192 618 2235 numen
639 2173 758 2234 lunonis
779 2171 883 2232 adorat

60 2262 230 2330 praeterea,
259 2264 309 2316 aut
326 2257 450 2336 supplex
472 2259 531 2318 aris
552 2259 683 2335 imponet
704 2254 880 2316 bonoreml’

103 2336 183 2398 Talia
205 2339 352 2402 llammato
375 2360 476 2402 secum
497 2342 551 2403 dea
573 2343 663 2402 eorde
681 2339 813 2401 volutans

63 2419 229 2481 nimborum
251 2424 281 2482 in
299 2427 440 2502 patriam,
466 2424 531 2485 loca
553 2425 611 2485 leta
629 2423 794 2485 furentibus
812 2422 934 2503 austrie,

61 2502 192 2563 Aeoliam
213 2507 300 2566 venit.
344 2508 393 2567 hic
413 2516 495 2566 vasto
516 2526 570 2567 rex
591 2506 698 2566 Aeolus
720 2512 805 2566 antro

61 2587 206 2647 luctantes
227 2596 330 2649 ventos
348 2596 594 2668 tempestatesque
616 2606 738 2648 sonoras

61 2671 186 2747 imperio
208 2673 315 2748 premit
335 2691 370 2734 ac
386 2671 488 2732 vinclis
508 2682 537 2733 et
559 2690 679 2732 carcere
702 2672 806 2731 frenat.

61 2752 102 2815 illi
123 2753 309 2831 indignantes
330 2773 438 2834 magno
461 2773 528 2816 eum
549 2773 701 2816 murmure
722 2753 830 2813 montis

62 2839 174 2899 circum
197 2837 325 2900 claustra
343 2840 487 2908 iremunt;
516 2839 594 2901 celsa
616 2840 699 2900 sedet
719 2836 827 2898 Aeolus
849 2853 919 2897 arce

62 2930 178 2999 sceptra
200 2930 319 2994 tenens,
347 2923 498 3002 mollitque
517 2925 629 2984 animos
650 2930 679 2984 et
699 2928 844 3000 temperat
865 2923 933 2980 iras.

62 3009 91 3067 ni
114 3007 212 3075 iaciat,
241 3010 332 3069 maria
356 3027 390 3069 ac
406 3015 503 3070 terras
525 3007 697 3086 caelumque
717 3005 898 3085 profundum

62 3091 172 3171 quippe
193 3090 291 3152 lerant
310 3093 406 3173 rapidi
427 3109 529 3154 secum
549 3100 726 3170 verrantque
745 3107 800 3169 per
821 3107 922 3150 auras:

63 3172 115 3235 sed
128 3182 212 3251 pater
231 3177 416 3255 omnipotens
437 3174 585 3254 speluncis
604 3174 715 3236 abdidit
736 3175 806 3234 atris

63 3257 121 3318 boc
143 3267 289 3331 metuens,
319 3261 485 3338 molemque
506 3266 535 3320 et
554 3268 669 3320 montes
692 3260 814 3334 insuper
836 3254 909 3316 altos

64 3342 219 3418 imposuit,
245 3359 405 3422 regemque
427 3345 521 3412 dedit,
546 3345 595 3423 qui
617 3342 737 3403 loedere
756 3347 836 3400 certo

65 3431 95 3486 et
115 3441 251 3508 premere
274 3433 303 3491 et
323 3426 403 3492 laxas
422 3429 512 3490 sciret
533 3427 604 3489 dare
630 3428 724 3491 iussus
746 3423 883 3489 habenae
