2454 3936
81 189 121 254 98
419 199 561 248 vanarnr
583 199 707 249 anunm
730 201 742 247 1

81 364 270 425 monstrarat,
295 363 381 432 caput
402 355 478 415 acris
500 371 581 432 equr:
608 354 650 414 sic
673 370 740 413 nam
763 354 825 413 lore
848 350 923 413 bello

81 441 227 518 egregiam
247 447 275 498 et
298 436 412 498 facilem
433 439 509 497 victu
531 454 585 512 per
604 435 719 497 saecula
741 445 867 512 gentem.
1039 446 1094 503 aas

81 526 127 584 nic
149 522 289 600 templum
313 521 416 581 lunoni
438 520 541 597 ingens
563 519 679 580 Sidonia
702 519 773 579 bido

81 606 240 676 condebat,
263 605 347 665 donis
369 601 538 681 opulentum
556 611 584 662 et
604 603 725 663 nurnine
747 603 843 673 divae,

80 708 166 751 aerea
188 691 235 750 cui
257 687 395 766 gradibus
412 685 571 763 surgebant
592 685 690 746 limina
715 704 864 764 nexaeque

80 792 149 835 aere
171 772 284 842 trabes,
306 770 418 831 loribus
441 769 529 830 cardo
550 769 691 830 stridebat
714 771 803 830 aenis.

81 858 137 917 hoc
157 858 284 933 primurn
307 857 336 915 in
357 854 422 914 luco
443 870 518 913 nora
539 871 589 915 res
611 852 706 914 oblata
728 855 862 914 timorem
1040 863 1093 918 tw

80 940 175 1009 leniit,
197 939 245 1000 hic
264 939 391 1015 primum
411 937 523 999 heneas
544 955 664 1016 sperare
686 937 809 999 salutem

81 1040 168 1083 ausus
188 1030 216 1082 et
235 1021 357 1083 adflictis
378 1020 482 1082 melius
503 1022 650 1082 conlidere
667 1020 767 1082 rebus.

81 1123 207 1184 namque
227 1105 282 1166 suh
306 1106 415 1181 ingenti
433 1105 537 1165 lustrat
556 1105 625 1165 dum
647 1104 760 1180 singula
781 1104 889 1182 templo

81 1190 213 1266 reginam
235 1189 405 1266 opperiens,
429 1188 513 1257 dum,
536 1206 611 1267 quae
634 1187 750 1248 iortuna
772 1188 808 1247 sit
828 1186 908 1256 urbi,

82 1273 283 1349 artificumque
303 1288 407 1332 manus
427 1273 539 1331 intrans
560 1289 742 1350 operumque
762 1269 895 1332 laborem
1038 1280 1091 1334 4⁵5

82 1357 219 1425 miratur,
242 1355 318 1416 videt
337 1353 438 1416 lliacas
460 1374 496 1416 ex
518 1355 620 1415 ordine
640 1372 753 1433 pugnas

82 1440 216 1518 bellaque
237 1440 295 1501 iam
320 1439 395 1500 lama
416 1446 509 1500 totum
532 1439 643 1518 volgata
663 1457 716 1518 per
735 1438 856 1509 orbem,

83 1524 196 1585 Atridas
211 1525 419 1601 Priamumque
442 1532 469 1586 et
488 1542 604 1586 saevom
627 1522 770 1585 ambobus
789 1521 938 1585 Achillem.

83 1608 223 1678 constitit,
245 1618 273 1669 et
294 1608 451 1669 lacrimans
473 1610 553 1687 ‘quis
574 1609 633 1668 iam
652 1605 759 1678 locus,'
782 1608 891 1684 inquit,
921 1604 1061 1672 ‘deitate

82 1692 256 1768 quaeregio
277 1693 306 1752 in
327 1694 414 1752 terris
435 1693 528 1751 nostri
549 1709 607 1751 non
626 1691 711 1769 plena
735 1689 861 1750 laboris?
1039 1698 1091 1753 460

100 1790 119 1832 n
146 1773 289 1832 Priamus.
332 1781 400 1833 sunt
421 1773 469 1833 hic
491 1775 577 1832 etiam
597 1791 648 1833 sua
671 1774 800 1849 praemia
822 1770 915 1830 laudi·

51 1791 148 1944 [gunt
170 1854 306 1915 lacrimae
327 1872 427 1915 rerum
449 1861 476 1914 et
497 1859 625 1914 mentem
647 1853 779 1914 mortalia
795 1817 956 1946 tangunffi

81 1937 161 1999 solve
182 1943 292 2005 metus:
317 1936 390 1997 leret
411 1937 484 1998 haec
505 1936 631 2015 aliquam
653 1935 703 1996 tibi
726 1936 802 1996 lama
824 1935 971 1997 salutem'

82 2023 124 2082 sic
145 2023 199 2090 ait,
223 2026 308 2097 atque
328 2021 456 2081 animum
478 2021 594 2098 pictura
614 2021 706 2099 pascit
727 2020 804 2079 inani

82 2103 171 2167 multa
191 2121 326 2182 gemens,
349 2103 489 2182 largoque
507 2110 634 2164 umectat
648 2103 768 2165 flumine
783 2101 900 2163 voltum.

82 2205 209 2267 namque
229 2185 358 2257 videbat,
380 2189 421 2248 uti
439 2186 581 2248 bellantes
600 2188 742 2265 Pergama
764 2186 875 2247 circum

81 2271 136 2331 hac
157 2272 292 2347 lugerent
314 2270 398 2339 Grai,
421 2277 570 2350 premeret
589 2271 715 2331 Troiana
735 2271 882 2337 iuventus:

83 2355 138 2415 hac
159 2354 303 2434 Phryges,
326 2355 448 2415 instaret
469 2372 559 2415 curru
581 2356 715 2415 cristatus
737 2352 871 2414 Achilles.

82 2456 136 2498 nec
158 2436 261 2517 procul
280 2438 347 2498 hinc
365 2437 455 2500 Rhesi
475 2438 566 2499 niveis
587 2438 711 2500 tentoria
731 2437 800 2498 velis

82 2521 234 2599 adgnoscit
253 2520 425 2593 lacrimans,
448 2524 543 2601 primo
565 2541 639 2603 quae
660 2522 775 2602 prodita
795 2539 898 2582 somno

82 2605 207 2684 Tydides
230 2606 319 2668 multa
340 2605 470 2668 vastabat
491 2608 580 2669 caede
603 2614 757 2676 eruentus,

82 2690 269 2768 ardentisque
291 2690 393 2750 avertit
413 2708 503 2769 equos
521 2693 551 2752 in
574 2698 683 2761 castra,
707 2692 787 2767 prius
810 2707 896 2768 quam

82 2771 188 2848 pabula
209 2779 374 2849 gustassent
392 2773 499 2834 Troiae
525 2772 728 2851 Xanthumque
754 2772 904 2832 bibissent.

82 2855 193 2914 interea
216 2854 252 2914 ad
273 2853 414 2932 templum
435 2873 495 2914 non
518 2873 628 2933 aequae
646 2855 770 2915 Palladis
790 2854 871 2913 ibant
1039 2857 1090 2916 4⁷9

82 2936 214 2996 crinibus
238 2935 338 2996 lhades
360 2937 452 3014 passis
472 2937 649 3014 peplumque
666 2934 813 3003 ferebant,

83 3018 251 3096 suppliciter
273 3020 370 3078 tristes
394 3026 422 3079 et
444 3026 546 3080 tunsae
568 3026 687 3098 pectora
708 3017 824 3097 palmis:

85 3103 149 3164 diva
167 3100 229 3163 solo
247 3103 320 3163 fixos
339 3101 439 3163 oculos
460 3121 560 3164 aversa
583 3102 708 3163 tenebat.
1038 3110 1090 3167 482

84 3193 167 3267 parte
189 3186 243 3247 alia
266 3186 380 3265 lugiens
402 3188 514 3247 amissis
535 3185 651 3246 Troilus
671 3188 759 3248 armis
1038 3191 1090 3250 ill

83 3270 182 3330 inielix
202 3289 276 3350 puer
298 3278 385 3349 atque
403 3273 488 3350 inpar
509 3287 684 3347 congressus
704 3267 823 3331 Achilli:

85 3353 177 3413 lertur
202 3355 282 3432 equis
302 3373 450 3435 curruque
469 3355 572 3417 haeret
594 3355 750 3434 resupinus
768 3354 861 3423 inani,

83 3434 145 3498 lora
166 3444 267 3499 tenens
284 3444 396 3504 tamen:
419 3440 488 3501 huie
511 3440 666 3519 cervixque
688 3456 846 3518 comaeque
868 3437 1023 3500 trahuntur
1058 3476 1062 3491 a
