2400 3878
448 204 592 254 vinnom
613 204 753 254 school
773 205 800 252 11

249 360 275 423 0
296 360 445 422 iormonse
466 378 556 439 puer,
578 362 699 421 nimium
719 377 758 420 ne
779 357 868 418 crede
889 359 996 419 colori!

252 444 317 505 alba
339 444 460 522 ligustra
482 443 603 514 cadunt,
624 444 753 505 vaccinia
774 444 857 518 nigra
878 440 1026 520 leguntvu.

142 534 150 556 ⁹
249 527 405 607 despectus
426 527 478 587 tibi
498 545 580 596 sum,
601 546 657 588 nec
679 529 728 606 qui
749 528 804 586 sim
826 529 958 603 quaeris,
980 526 1072 598 Alexi,

250 629 338 690 quarn
354 612 432 672 dives
446 612 577 687 pecoris,
598 611 675 671 nivei
695 629 783 688 quam
805 608 887 669 lactis
908 610 1077 672 abundans:
1101 623 1139 678 ho

141 686 148 709 ‘
248 695 327 755 mille
349 712 432 754 meae
454 693 558 753 Siculis
579 701 679 754 errant
699 695 730 753 in
751 693 899 753 montibus
920 711 1026 770 agnae;

251 777 296 838 lac
318 777 388 837 mihi
409 795 469 836 non
491 784 598 838 aestate
618 795 742 846 novom,
764 795 823 836 non
846 777 954 855 lrigore
976 778 1054 838 dellt

141 853 149 875 '
246 869 347 928 canto,
371 879 446 939 qnae
467 859 585 930 solitus,
606 861 749 940 siquando
770 870 901 921 armenta
922 861 1053 931 vocabat,

250 944 395 1022 Amphion
417 944 557 1004 Dircaeus
578 945 608 1004 in
628 947 735 1005 Actaeo
757 944 924 1004 Aracintho.

143 1017 150 1040 '
250 1045 306 1088 nec
327 1046 392 1087 snm
414 1027 487 1087 adeo
509 1028 655 1088 informis:
677 1045 773 1104 nuper
794 1046 841 1088 me
863 1029 893 1088 in
914 1027 999 1089 litore
1015 1029 1082 1100 vidi,
1100 1042 1136 1096 25

251 1129 319 1171 cum
341 1110 487 1189 placidum
508 1114 600 1172 ventis
621 1119 711 1171 staret
725 1129 822 1179 mare;
844 1129 903 1172 non
919 1129 973 1188 ego
988 1113 1136 1192 Daphnim

250 1194 346 1255 iudice
367 1201 396 1254 te
417 1202 563 1263 metuam,
586 1195 611 1253 si
632 1212 791 1272 numquam
812 1194 884 1254 lallil
905 1197 1009 1272 imago.

253 1275 411 1338 Otantum
432 1277 521 1337 libeat
542 1296 657 1338 mecum
678 1277 730 1338 uhi
751 1277 869 1338 sordida
891 1297 961 1340 rura

251 1369 338 1440 atque
360 1360 476 1422 humilis
497 1361 629 1422 habitare
651 1379 747 1428 casas,
771 1371 801 1421 et
821 1363 911 1439 ligere
933 1381 1042 1433 cervos,

251 1445 472 1524 haedorumque
494 1463 613 1524 gregem
635 1446 718 1506 viridi
740 1445 916 1522 compellere
937 1446 1063 1507 hibisco!
1099 1458 1136 1513 ao

253 1549 369 1591 mecum
392 1549 450 1591 una
472 1531 502 1590 in
523 1530 600 1590 silvis
620 1529 772 1591 imitabere
793 1530 872 1591 Pana
893 1530 1033 1591 canendo.

252 1621 357 1674 necte
379 1615 525 1690 paeniteat
546 1614 656 1676 calamo
678 1615 791 1675 trivisse
812 1612 964 1673 labellum:
1098 1623 1136 1679 34

250 1693 324 1754 haec
339 1696 441 1754 eadem
456 1705 489 1754 ut
503 1699 604 1763 sciret,
628 1697 697 1771 quid
712 1714 770 1755 non
786 1696 910 1755 iaciebat
920 1696 1076 1772 Amyntas?
1097 1709 1134 1762 35

248 1775 299 1835 Est
320 1777 391 1835 mihi
413 1777 577 1851 disparibus
598 1786 710 1852 septem
732 1785 882 1852 compacta
905 1777 1006 1835 cicutis

249 1857 360 1927 fistula,
382 1858 536 1918 Damoetas
557 1860 635 1919 dono
656 1859 727 1917 mihi
748 1876 836 1936 quam
858 1857 937 1918 dedit
958 1857 1026 1917 olim

251 1948 280 2001 et
301 1942 372 2001 dixit
392 1943 537 2002 moriens:
565 1950 603 2001 ‘te
624 1958 703 2002 nunc
723 1940 812 2001 hahet
832 1943 886 2001 ista
907 1940 1087 2002 secundum!
1191 1979 1193 1984 -

248 2032 401 2102 praeterea
422 2024 481 2085 duo
503 2042 558 2085 nec
578 2031 640 2085 tnta
661 2025 732 2084 mihi
754 2023 826 2085 valle
847 2026 957 2101 reperti
1096 2037 1129 2091 la

251 2107 392 2185 capreoli,
415 2109 523 2185 sparsis
545 2109 631 2168 etiam
651 2126 731 2168 nunc
751 2107 876 2186 pellibus
897 2107 978 2177 albo;

250 2190 318 2250 bina
341 2193 388 2251 die
409 2193 519 2250 siccant
540 2192 600 2251 ovis
622 2191 727 2252 ubera:
751 2210 824 2270 quos
845 2192 897 2251 tibi
919 2210 1011 2252 servo.

250 2275 307 2334 iam
329 2273 443 2351 pridem
464 2293 481 2334 a
502 2293 550 2335 me
571 2274 636 2335 illos
657 2274 804 2337 abducere
825 2275 968 2355 Thestylis
990 2283 1068 2345 orat;

251 2364 281 2418 et
302 2358 407 2428 faciet,
430 2359 567 2436 quoniam
588 2358 708 2419 sordent
728 2359 780 2419 tibi
802 2378 924 2420 munera
945 2366 1053 2419 nostra.
1188 2422 1191 2426 ,

249 2439 313 2502 lluc
335 2441 419 2511 ades,
442 2459 459 2501 o
481 2442 630 2504 formonso
650 2461 740 2521 puer:
768 2443 821 2503 tihi
842 2442 899 2503 lilia
921 2442 1013 2520 plenis
1097 2453 1134 2510 45

250 2543 319 2586 ecce
340 2526 438 2587 ierunt
459 2526 604 2606 nymphae
626 2527 760 2596 calathis:
783 2527 836 2587 tihi
859 2527 980 2588 candida
1001 2527 1073 2597 nais,

248 2608 382 2687 pallentis
403 2609 493 2670 violas
516 2617 543 2671 et
565 2629 677 2672 summa
700 2630 844 2689 papavera
866 2630 998 2690 carpens,

248 2696 410 2756 narcissum
432 2700 462 2755 et
482 2694 585 2755 florem
608 2696 699 2772 iungit
720 2696 796 2756 bene
817 2694 922 2755 olentis
942 2693 1052 2764 anethi;

248 2781 311 2835 tum
333 2778 409 2836 casia
431 2783 518 2854 atque
540 2777 602 2836 aliis
622 2779 756 2837 intexens
777 2778 913 2839 suavibus
934 2777 1033 2838 herbis

248 2857 346 2917 mollia
366 2857 473 2918 luteola
495 2861 587 2936 pingit
607 2860 734 2920 vaccinia
757 2858 838 2919 calta.
1097 2873 1135 2926 50

250 2939 313 3018 ipse
335 2957 390 3017 ego
413 2958 484 3001 cana
506 2939 601 3019 legam
621 2950 724 3004 tenera
745 2941 883 3018 lanugine
904 2940 979 3003 mala

250 3113 456 3186 castaneasque
478 3125 585 3178 nuces,
607 3126 671 3170 mea
693 3127 766 3189 quas
787 3107 940 3191 Amaryllis
961 3107 1091 3179 amabat3

249 3276 304 3334 Pan
325 3278 441 3351 primum
463 3277 580 3336 calamos
600 3297 662 3338 cera
683 3280 849 3355 coniungere
871 3280 957 3357 pluris
1096 3287 1134 3346 3²

249 3361 377 3425 instituit,
398 3362 452 3418 Pan
469 3372 547 3421 curat
569 3365 626 3421 ovis
647 3365 789 3439 oviumque
808 3367 962 3441 magistros.

247 3443 316 3500 divit
336 3446 493 3512 Damoetas,
514 3448 609 3507 invidit
629 3450 729 3509 stultus
750 3451 887 3528 Amyntas.
1096 3458 1132 3513 39
