2400 3878
367 223 510 271 vnndnn
532 222 732 270 GEORGIGON
757 223 770 270 1

68 381 213 456 accipiunt
234 377 321 449 sulci,
345 386 373 440 ct
393 376 472 438 milio
494 378 571 437 venit
592 394 686 437 annua
708 395 788 447 cura,

68 463 208 524 candidus
229 463 337 523 auratis
359 462 453 538 aperit
474 478 540 521 cum
562 461 700 521 cornibus
720 478 828 520 annum

67 554 185 616 taurus,
209 552 237 605 et
259 564 359 606 averso
383 546 490 606 cedens
511 545 590 604 canis
612 544 718 604 occidit
739 551 826 604 astro.

68 633 97 690 at
118 630 142 688 si
164 630 305 689 triticeam
326 631 356 689 in
377 646 503 690 messem
524 628 702 706 robustaque
723 620 867 687 iarra'*

67 712 217 773 exercebis
238 712 375 783 humum,
398 712 525 789 solisque
546 711 666 771 instabis
687 712 791 778 aristis,

67 803 133 856 ante
155 796 205 856 tibi
234 814 304 857 eoae
325 796 485 856 Atlantides
505 794 721 855 abscondantur

68 879 228 957 Cnosiaque
250 881 378 940 ardentis
400 879 520 941 decedat
541 877 622 938 stella
645 895 780 949 coronae,

67 962 163 1023 debita
186 982 272 1041 quam
295 964 383 1024 sulcis
405 963 567 1024 committas
588 962 699 1022 semina
721 979 865 1041 quamque

66 1047 171 1107 invitae
193 1065 335 1126 properes
357 1048 424 1108 anni
446 1063 528 1123 spem
550 1046 671 1106 credere
692 1051 798 1106 terrae.

66 1129 149 1190 multi
171 1138 239 1191 ante
261 1150 397 1192 occasum
419 1131 511 1191 Maiae
533 1146 671 1207 coepere;
695 1131 746 1190 scd
768 1128 833 1188 illos

67 1221 217 1290 expectata
239 1232 322 1292 seges
344 1215 423 1275 vanis
446 1213 530 1274 elusit
552 1213 656 1272 avenis.

66 1297 90 1355 si
113 1315 181 1356 vero
204 1293 466 1376 viciarnque'seres
487 1295 630 1373 vilemque
651 1295 812 1373 phaselum,

66 1396 121 1438 nec
143 1379 308 1441 Pelusiacae
330 1400 431 1441 curam
453 1379 648 1458 aspernabere
670 1379 764 1449 lentis,

67 1462 138 1522 baut
160 1461 286 1523 obscura
309 1465 414 1524 cadens
435 1465 529 1522 mittet
549 1462 601 1522 tibi
623 1462 704 1538 signa
726 1462 843 1522 bootes:

66 1544 162 1624 incipe
185 1554 213 1606 et
234 1547 270 1606 ad
292 1547 402 1606 medias
423 1552 584 1605 sementem
605 1545 729 1604 extende
750 1546 878 1621 pruinas.

118 1629 256 1688 *Idcirco
279 1628 367 1687 certis
388 1626 553 1686 dimensum
574 1625 709 1705 partibus
730 1629 833 1689 orbem

67 1728 120 1788 per
143 1711 275 1771 duodena
297 1713 372 1789 regit
393 1711 494 1771 mundi
515 1709 559 1769 soi
581 1728 687 1770 aureus
709 1718 796 1770 astra.

67 1794 196 1872 quinque
218 1801 317 1855 tenent
339 1794 452 1855 caelum
473 1810 578 1853 zonae:
602 1811 726 1871 quarum
747 1813 806 1854 una
828 1799 951 1857 corusco

67 1893 183 1954 semper
204 1878 265 1938 sole
288 1877 396 1939 rubens
419 1885 448 1938 et
468 1877 578 1937 torrida
600 1895 716 1954 semper
739 1877 774 1937 ab
798 1880 871 1956 igni;

67 1978 153 2037 quam
176 1961 286 2023 circum
308 1968 454 2022 extremae
477 1961 578 2021 dextra
599 1960 737 2039 laevaque
758 1963 914 2023 trahuntur

67 2043 232 2115 caeruleae,
255 2044 346 2122 glacie
369 2051 524 2106 concretae
545 2051 632 2123 atque
652 2045 796 2105 imbribus
818 2047 903 2114 atris;

66 2127 119 2186 has
140 2128 216 2188 inter
237 2129 421 2207 mediamque
443 2129 518 2189 duae
538 2127 709 2188 mortalibus
731 2131 825 2206 aegris

67 2227 189 2271 munere
212 2230 367 2273 concessae
389 2213 500 2281 divom,
525 2218 553 2272 et
574 2213 617 2272 via
639 2218 718 2272 secta
732 2231 786 2289 per
800 2213 909 2282 ambas,

67 2292 179 2354 oblicus
201 2313 258 2372 qua
279 2313 311 2356 se
332 2296 482 2373 signorum
504 2302 629 2356 verteret
649 2295 732 2356 ordo.

67 2377 209 2448 mundus,
232 2385 264 2439 ut
285 2379 320 2438 ad
344 2379 489 2457 Scythiam
511 2379 711 2456 Riphaeasque
733 2380 841 2440 arduus
862 2398 946 2441 arces

67 2461 229 2537 consurgit,
251 2462 393 2540 premitur
415 2461 522 2539 Libyae
544 2462 671 2522 devexus
691 2463 721 2521 in
743 2471 866 2522 austros

66 2543 114 2602 hic
135 2550 233 2603 vertex
255 2545 339 2604 nobis
362 2562 478 2621 semper
501 2544 647 2612 sublimis;
672 2546 807 2607 atilium

67 2626 122 2686 sub
144 2625 267 2702 pedibus
290 2627 359 2704 Styx
381 2634 443 2686 atra
464 2625 541 2685 videt
561 2644 720 2703 manesque
741 2628 887 2702 profundi.

67 2726 221 2769 maxumus
242 2709 290 2769 hic
311 2708 388 2769 ssexu
410 2709 527 2769 sinuoso
551 2708 673 2769 elabitur
694 2710 796 2786 anguis

67 2794 177 2853 circum
199 2810 311 2870 perque
333 2793 405 2853 duas
425 2792 456 2852 in
477 2810 590 2852 morem
612 2791 739 2853 fluminis
761 2801 865 2863 arctos,

67 2882 163 2936 arctos
185 2875 292 2937 Oceani
313 2883 477 2937 metuentes
499 2894 626 2955 aequore
646 2877 747 2954 tingui.

65 2957 137 3030 illic,
160 2967 192 3020 ut
213 2961 381 3039 perhibent,
404 2968 454 3022 aut
474 2961 646 3039 intempesta
668 2960 733 3020 silet
753 2978 811 3020 nox

66 3061 182 3120 semper
205 3050 233 3103 et
255 3043 371 3104 obtenta
394 3045 553 3106 densentur
574 3052 660 3104 nocte
681 3044 829 3114 tenebrae,

67 3132 116 3185 aut
136 3126 212 3186 redit
233 3145 249 3186 a
271 3127 355 3187 nobis
377 3129 491 3189 Aurora
512 3129 646 3207 demque
666 3128 794 3193 reducit:

66 3226 179 3286 nosque
200 3209 250 3270 ubi
272 3212 385 3287 primus
407 3212 488 3289 equis
511 3211 615 3272 Oriens
636 3211 750 3271 adflavit
772 3209 891 3281 anhebs‚
1018 3221 1073 3275 250·

67 3290 122 3350 illis
144 3310 210 3352 sera
230 3293 340 3354 rubens
362 3296 494 3355 accendit
514 3293 623 3356 lumina
644 3294 763 3372 Vesper.

108 3374 170 3434 Nec
190 3376 298 3436 irustra
320 3378 470 3456 signorum
493 3377 589 3438 obitus
611 3376 795 3455 speculamur
817 3385 846 3438 et
867 3386 949 3440 ortus
1017 3386 1068 3440 257

66 3457 305 3536 temporibusque
325 3482 426 3543 parem
449 3463 569 3522 diversis
589 3467 724 3540 quattuor
743 3477 864 3522 annum:
1018 3468 1074 3522 258
