2400 3878
124 234 164 297 34
431 243 571 291 vnaomr
594 242 792 292 anonorcou
815 245 827 291 1

125 408 204 462 terra
226 401 342 467 tremit;
367 401 469 478 lugere
491 399 570 460 serae
592 407 621 459 et
641 397 774 460 mortalia
797 401 884 460 corda
1081 410 1141 469 3³0

125 501 179 563 per
201 491 302 579 ganges
324 484 441 545 humilis
463 483 562 543 stravit
583 501 687 561 pavor:
710 481 758 543 ille
779 483 912 562 flagranti

126 577 177 630 aut
197 568 292 628 Athon
314 575 363 628 aut
384 567 546 639 Rhodopen
568 576 618 628 aut
639 565 696 627 alta
718 566 859 628 Ceraunia
881 566 939 628 telo

127 650 228 719 deicit;
261 650 444 727 ingeminant
471 653 564 711 austri
580 656 608 710 et
631 650 819 711 densissimus
840 651 944 712 imber.

128 732 223 816 [nunc
244 751 364 794 nemora
385 734 495 811 ingenti
517 740 617 803 rento,
639 752 718 794 nunc
739 733 823 794 litora
845 730 1010 815 plangrmt]

127 816 184 878 hoc
206 825 339 879 metuens
361 817 432 878 caeli
454 834 571 877 menses
593 824 622 877 et
643 818 738 878 sidera
760 835 849 888 serra,

83 887 231 978 “brigida
255 900 372 962 Saturni
394 919 458 962 sese
481 919 538 978 quo
560 899 642 961 stella
663 908 808 979 receptet;

128 1002 202 1062 quos
223 984 298 1063 ignis
321 984 401 1045 eaelo
423 983 570 1064 Cyllenius
593 993 671 1045 erret
692 986 720 1045 in
743 985 832 1047 orbis.

128 1067 157 1126 in
179 1068 281 1144 primis
302 1086 443 1129 venerare
465 1068 550 1134 deos.
574 1075 659 1147 atque
681 1086 775 1130 annua
797 1089 920 1149 magnae

129 1168 212 1211 sacra
233 1151 312 1212 refer
335 1152 433 1213 Cereri
454 1149 537 1211 laetis
558 1158 696 1230 operatus
716 1154 746 1212 in
767 1153 868 1215 herbis

63 1244 71 1258 ⁸
129 1242 276 1296 extremae
299 1235 353 1296 sub
377 1252 476 1295 casum
497 1236 615 1304 hiemis,
638 1236 695 1295 iarn
716 1255 785 1297 vere
807 1255 920 1299 sereno.

130 1325 191 1378 tum
212 1320 336 1398 pingues
358 1319 423 1396 agni
446 1324 474 1377 et
494 1325 556 1378 tum
578 1317 746 1380 mollissima
768 1322 843 1392 vina,

129 1409 191 1462 tum
214 1404 307 1462 somni
329 1401 430 1475 dulces
452 1401 616 1479 densaeque
638 1403 668 1461 in
689 1404 837 1465 montibus
858 1403 990 1465 umbrae.

131 1493 234 1547 cuncta
256 1485 309 1546 tibi
331 1485 468 1547 Cererem
489 1485 583 1564 pubes
606 1488 728 1564 agrestis
749 1489 864 1550 adoret:

131 1572 199 1647 quoi
220 1577 252 1630 tu
273 1569 347 1630 lacte
370 1570 450 1629 lavos
472 1576 501 1629 et
522 1571 583 1629 miti
606 1569 683 1632 dilue
709 1570 830 1643 baceho,

131 1661 236 1730 terque
258 1670 347 1712 novas
370 1654 482 1712 circum
504 1652 571 1713 felix
595 1661 640 1713 eat
661 1654 755 1713 hostia
777 1656 885 1732 fruges,

133 1736 225 1794 omnis
247 1752 334 1812 quam
357 1735 466 1794 chorus
488 1742 516 1794 et
538 1736 608 1792 socii
631 1737 805 1797 comitentur
827 1742 954 1804 ovantes,

132 1826 159 1878 et
181 1818 318 1878 Cererem
341 1815 468 1876 clamore
489 1824 594 1875 vocent
614 1818 643 1875 in
666 1824 757 1886 tecta;
779 1836 874 1896 neque
896 1822 962 1878 ante

130 1901 234 1961 falcem
255 1900 377 1960 maturis
399 1900 551 1977 quisquam
573 1905 718 1977 supponat
738 1900 842 1970 aristis,

131 2002 218 2063 quam
241 1983 340 2043 Cereri
363 1988 437 2041 torta
459 1981 611 2042 redimitus
631 1989 764 2060 tempora
786 2001 896 2062 quercu
996 1989 1000 2000 '

131 2067 180 2126 det
201 2072 297 2126 motus
319 2066 528 2142 incompositos
550 2073 578 2127 et
600 2066 727 2126 earmina
749 2066 834 2126 dicat.

96 2135 140 2181 ¹*
174 2151 267 2228 Atque
289 2148 363 2209 baec
384 2155 417 2208 ut
439 2148 526 2209 certis
547 2167 700 2227 possemus
723 2150 835 2211 discere
857 2152 955 2229 signis,

110 2309 112 2313 Ι
131 2240 286 2311 aestusque
306 2231 476 2311 pluviasque
499 2238 527 2292 et
548 2234 660 2310 agentis
681 2233 790 2311 frigora
812 2241 922 2304 ventos,

130 2318 193 2394 ipse
214 2323 297 2393 pater
319 2315 430 2385 statuit,
454 2316 523 2394 quid
545 2324 693 2377 menstrua
714 2317 781 2379 luna
804 2325 946 2388 moneret,

131 2417 190 2477 quo
212 2400 294 2477 signo
317 2399 456 2460 caderent
477 2401 582 2470 austri,
605 2400 674 2478 quid
696 2419 783 2479 saepe
804 2402 933 2462 videntes

132 2482 277 2560 agricolae
298 2484 420 2562 propius
442 2482 562 2544 stabulis
584 2491 713 2544 armenta
736 2491 877 2546 tenerent.

133 2568 270 2628 continuo
292 2568 384 2628 ventis
407 2567 594 2644 surgentibus
615 2575 665 2628 aut
685 2569 758 2629 freta
781 2570 862 2647 ponti

132 2652 273 2728 incipiunt
294 2652 399 2727 agitata
421 2657 584 2712 tumescere
606 2658 634 2712 et
656 2652 756 2712 aridus
778 2651 843 2711 altis

132 2734 281 2795 montibus
303 2735 396 2794 audiri
418 2734 533 2812 fragor,
555 2741 605 2794 aut
626 2736 791 2795 resonantIa
812 2734 899 2810 longe

132 2816 216 2877 litora
239 2818 355 2877 misceri
377 2823 405 2876 et
426 2835 580 2878 nemorum
601 2818 820 2879 increbrescere
841 2832 1073 2905 murmuLA

133 2901 190 2959 iam
213 2899 267 2960 sibi
288 2904 351 2959 tum
374 2901 470 2959 curvis
492 2899 567 2960 male
588 2908 733 2980 temperat
752 2899 830 2961 unda
853 2898 966 2965 carinis,
1087 2911 1140 2966 360

135 3001 222 3062 quom
244 2983 340 3042 medio
364 2981 474 3042 celeres
496 2983 628 3044 revolant
649 3004 684 3045 er
708 2999 834 3063 aequore
855 2980 949 3055 mergi

135 3066 350 3144 clamoremque
373 3066 473 3127 ferunt
494 3067 530 3128 ad
551 3066 651 3138 litora,
676 3083 800 3144 cumque
822 3064 950 3123 marinae

134 3152 163 3209 in
186 3150 263 3209 sicco
285 3149 388 3209 ludunt
410 3149 528 3220 fulicae,
551 3157 692 3228 notasque
713 3147 827 3225 paludis

135 3233 242 3293 deserit
264 3240 350 3312 atque
373 3234 460 3294 altam
482 3252 586 3311 supera
610 3233 686 3292 volat
707 3231 794 3291 ardea
817 3228 934 3290 nubem.

134 3334 221 3393 saepe
244 3318 328 3377 etiam
351 3317 448 3378 stellas
469 3327 554 3378 rento
577 3316 751 3393 inpendente
773 3313 883 3373 videbis
1087 3323 1163 3379 365.

135 3401 307 3478 praecipites
330 3401 408 3462 caelo
430 3401 502 3469 labi,
526 3402 676 3478 noctisque
697 3415 751 3476 per
773 3396 907 3457 umbram

135 3485 317 3545 flammarum
339 3484 441 3562 longos
464 3503 479 3543 a
501 3492 584 3560 tergo
607 3481 755 3543 albescere
776 3487 901 3549 tractus:
