2400 3878
96 202 179 249 axvi
400 199 448 245 DE
471 200 552 247 i'lTA
574 200 619 247 ΕΤ
640 198 792 248 scaffnis

93 362 204 414 ineunte
220 358 296 419 ilii.
317 374 372 430 quo
393 357 500 430 quidem
520 366 641 430 tempore
661 357 745 430 ipsius
766 356 882 412 etfama
903 359 1008 431 ingenii
1031 359 1107 414 inter

91 444 189 497 doctos
214 440 306 497 adulta
330 450 358 496 et
383 443 470 515 gratia
494 441 564 515 apud
588 440 765 497 Maecenatem
787 442 850 495 satis
877 439 982 496 firmata
1001 435 1104 512 erat¹).

92 535 174 598 atque
195 533 225 579 ut
246 524 367 598 singulas
389 527 537 599 georgicon
558 533 648 596 partes
663 525 755 578 amicis
771 523 813 579 vel
834 523 889 598 legi
903 524 945 579 vei
961 526 1035 580 mitti
1051 527 1105 581 iam

92 617 156 663 ante
170 610 355 664 recitationem
370 610 432 663 anni
447 608 507 665 725
522 615 642 681 parerat
676 608 713 662 ita
727 607 853 664 iioratius
869 610 919 664 iam
934 608 1022 663 multo
1039 617 1105 664 ante

92 698 120 747 ct
136 693 285 766 georgicon
299 691 309 746 l
324 691 385 748 512
401 707 442 764 sq.
464 693 492 747 in
506 693 585 745 satira
601 690 610 744 i
628 691 659 754 1,
683 690 743 746 114
759 709 801 764 sq.
823 694 939 747 imitatus
960 699 1003 747 est
1023 700 1054 746 et
1076 695 1103 747 in

92 775 102 829 i
122 776 169 837 10.
185 776 225 831 tt
238 773 337 829 ‘molle
352 783 433 848 atque
446 773 580 830 iacetum'
595 774 745 848 gaudentes
759 792 822 831 nure
838 775 962 832 Camenas
977 774 1103 847 Vergilio

97 857 224 913 adnuisse
237 857 406 930 praedicarit.

176 941 217 995 tid
232 942 367 996 Octaviani
385 956 429 996 res
443 946 535 1014 gestas
549 939 670 997 versibus
686 942 850 998 exornandas
865 958 895 998 se
910 957 971 997 mox
986 940 1101 1014 adgres-

93 1040 187 1080 surum
201 1039 262 1080 esse
276 1025 436 1097 promiserat
450 1039 494 1097 ge.
506 1022 589 1081 11146
602 1041 673 1096 sqq„
689 1024 737 1080 sed
751 1034 854 1080 mutato
869 1042 924 1080 non
939 1027 996 1080 siue
1011 1026 1102 1097 ipsius

92 1108 262 1180 uulneratoris
281 1109 442 1163 auctoritate
462 1107 576 1163 consilio
602 1109 708 1162 interim
734 1107 816 1163 iuliae
842 1110 930 1181 gentis
950 1116 977 1162 et
1002 1107 1102 1180 pepuli

93 1188 205 1245 Romani
226 1191 346 1264 origines
365 1192 491 1247 Aeneide
510 1190 627 1247 condere
646 1192 763 1246 instituit
783 1192 872 1245 statim
891 1197 955 1262 post
975 1187 1103 1245 absoluta

93 1275 237 1348 georgica,
259 1274 286 1329 h.
303 1289 328 1329 e.
344 1290 414 1329 anno
431 1273 501 1330 725.
532 1275 576 1329 cui
589 1274 788 1345 componendae
803 1289 881 1328 omne
897 1272 969 1345 quod
985 1288 1103 1343 supere·

94 1367 136 1413 rat
156 1359 225 1413 sitae
245 1367 352 1430 tempus
372 1357 494 1412 undecim
510 1358 585 1412 annis
604 1350 777 1429 impendit2).
813 1357 946 1411 nascentis
966 1361 1101 1429 poematis

97 1441 192 1497 ianuam
211 1456 281 1497 anno
297 1440 358 1499 728
373 1441 416 1497 rei
432 1440 491 1498 t29
508 1441 658 1515 auspicatus
680 1449 721 1495 est
741 1439 897 1513 Propertius
918 1440 960 1495 his
977 1439 1101 1495 versibus

97 1526 130 1581 iil
147 1526 201 1588 34.
217 1526 256 1583 59
272 1543 350 1600 sqq.:

246 1626 288 1666 me
303 1611 376 1666 iuvet
391 1609 523 1664 hesternis
537 1609 654 1683 positum
671 1607 799 1681 languere
815 1605 934 1670 corollis,

298 1709 378 1766 quem
393 1693 484 1766 tetigit
497 1693 569 1747 iactu
584 1700 674 1747 certus
689 1692 722 1746 ad
738 1707 798 1746 ossa
814 1689 889 1752 deus,

246 1777 320 1831 Actia
336 1776 482 1849 Vergilium
496 1775 616 1831 custodis
632 1774 712 1831 litora
725 1772 835 1836 Phoebi,

299 1858 418 1915 Caesaris
434 1867 461 1914 et
475 1858 561 1915 sortes
578 1859 665 1914 dicere
679 1874 761 1932 posse
775 1865 856 1919 rates,

247 1944 293 2015 qui
309 1959 382 1999 nunc
396 1944 501 1998 Aeneae
516 1943 622 1998 Troiani
637 1943 749 1997 suscitat
763 1957 834 1995 arma

296 2027 419 2099 iactaque
433 2024 539 2081 Lavinis
554 2026 659 2082 moenia
673 2024 807 2081 litoribus.

246 2110 334 2166 cedite
348 2108 460 2165 Romani
474 2111 635 2183 scriptores,
651 2108 739 2165 cedite
752 2102 828 2162 'Graiz

296 2194 386 2248 nescio
404 2191 468 2266 quid
482 2194 567 2248 maius
583 2193 701 2247 nascitur
717 2191 804 2246 iliade.
813 2184 836 2262 ³)

113 2360 120 2375 .
138 2323 171 2374 96
188 2336 246 2387 sqq.
266 2336 327 2372 cum
343 2335 370 2371 v.
388 2323 421 2372 93
438 2322 537 2375 Varius
560 2320 634 2370 solus
652 2326 780 2370 narretur
798 2319 912 2369 Canusii
929 2317 1101 2381 discessisse,

95 2338 233 2507 §agilitas
246 2404 307 2439 cum
319 2389 417 2438 ceteris
434 2388 612 2439 Brundisium
629 2402 715 2451 usque
732 2390 805 2438 viam
826 2386 958 2452 carpsisse
976 2387 1101 2432 statuen-

115 2470 148 2507 ιιι
163 2470 194 2507 aa

163 2522 184 2588 ¹)
201 2525 286 2575 ‘eada
307 2527 397 2574 eteatm
418 2523 478 2572 taidi
499 2530 524 2572 te
544 2524 603 2585 sora
625 2521 727 2572 obtulit:
754 2523 860 2585 optimus
882 2520 939 2568 otiare
964 2517 1100 2580 Vergilius,

94 2596 160 2708 post¹
174 2590 240 2706 declae
265 2592 360 2642 Vatiae
381 2592 473 2641 dicere
495 2590 556 2654 quid
584 2593 675 2639 easem’
698 2588 831 2639 Horatius
854 2590 907 2636 sat.
924 2585 938 2635 I
956 2586 985 2647 c,
1009 2585 1041 2633 ot
1059 2598 1100 2646 sq.

105 2672 168 2711 .ῃο
313 2692 320 2707 .

96 2674 129 2708 ω
162 2658 311 2788 ’1111ῗοῖςὶἒὲ
327 2725 360 2775 ab
376 2724 492 2788 Augusta
509 2722 649 2772 Aeneidem
662 2725 823 2786 propositam
840 2722 945 2782 scripsit
966 2718 1039 2766 annas
1056 2732 1101 2764 un·

94 2790 187 2850 decim
205 2793 254 2841 aed
269 2806 316 2841 nec
327 2792 467 2842 emendavit
483 2805 530 2839 aec
541 2787 635 2838 edidit’
656 2789 768 2838 Servius
779 2789 809 2835 in
821 2787 889 2838 vita.
914 2783 1046 2832 ‘Aeneida
1058 2782 1102 2829 XI

93 2857 208 2921 perfecit
224 2860 314 2907 aaaia’
331 2858 459 2908 Donatus
476 2872 501 2923 p.
515 2856 562 2916 60,
574 2857 590 2904 6
602 2856 634 2904 R.
654 2854 707 2903 ‘aa
723 2869 786 2902 aena
802 2853 925 2902 volumina
941 2863 1017 2898 sacro
1035 2848 1100 2896 For·

95 2926 172 2973 aracit
189 2925 285 2975 dama
302 2926 362 2974 duci
378 2925 511 2975 trieteride
528 2923 637 2988 quarta’
655 2920 762 2969 Phocus
781 2934 806 2969 v.
826 2920 876 2969 100
893 2931 933 2979 sq.
956 2916 1102 2964 ‘novissime

95 2990 235 3040 Aenea'deea
245 2991 379 3050 inchoavit,
391 2997 562 3055 argumentum
569 2989 664 3039 tamam
672 3002 704 3036 ac
715 2987 847 3049 multiplea
859 2991 884 3034 et
896 2984 969 3049 quasi
977 2982 1102 3030 anchorum

96 3056 206 3107 Homeri
228 3061 363 3107 omninum
390 3060 486 3117 instar,
509 3063 651 3121 praeterea
677 3053 815 3102 nominibus
840 3068 871 3100 ac
897 3050 972 3100 redeas
997 3048 1102 3097 Graecis

96 3124 246 3190 Latinisque
271 3140 396 3176 commus
420 3132 446 3175 et
471 3126 498 3173 in
515 3138 576 3188 quo,
604 3121 671 3185 qaod
691 3121 797 3167 maxime
818 3118 946 3174 studebat,
974 3116 1102 3164 Baccanae

96 3190 168 3240 duat
188 3191 259 3241 arba
281 3198 308 3242 et
329 3192 439 3256 Augusti
459 3193 531 3255 oripo
553 3183 741 3238 contineretur)
778 3186 905 3234 Donatus
922 3198 947 3249 p.
967 3185 1011 3239 69,
1035 3183 1051 3230 8
1068 3182 1101 3230 R.

97 3258 232 3309 ‘Aeneida
252 3261 381 3322 inpressae
403 3259 467 3309 detio
486 3255 639 3307 Cantabrico
657 3251 715 3285 **’
733 3251 840 3300 Probus
862 3253 891 3300 in
914 3252 973 3300 vita
991 3265 1017 3313 p.
1037 3250 1050 3296 l
1070 3249 1102 3297 Κ.

97 3320 666 3455 (tt‚gtffipngpgengrggggdeppagqunw
683 3383 768 3434 extitit
784 3383 868 3446 fama,
886 3392 913 3435 at
925 3387 1020 3457 Seaetaa
1037 3383 1099 3432 Pro-

97 3460 198 3527 patim
213 3474 264 3513 aaa
280 3460 432 3511 dubitaverit
448 3461 486 3510 aic
500 3457 671 3521 praedicare:
687 3451 769 3500 cedite
790 3485 838 3502 ...
858 3453 959 3503 ltiade’
977 3452 1105 3500 Donatus
