2400 3878
395 240 538 290 VERGILI
558 241 684 291 hunnis
701 243 739 290 111

62 405 215 476 postquam
238 403 342 458 cuncta
364 397 441 459 videt
463 395 543 459 eaelo
565 404 699 459 constare
718 416 837 466 sereno,

61 481 109 541 dat
132 479 243 540 clarum
264 500 281 542 e
301 483 394 560 puppi
414 482 544 560 signum:
566 498 620 542 nos
641 489 734 543 castra
757 501 905 545 movemus

62 571 296 644 temptamusque
317 566 393 625 viam
412 572 441 626 et
460 564 592 626 velorum
614 567 768 644 pandimus
790 565 858 627 alas.
1026 578 1077 633 aad

59 651 176 728 iamque
197 647 375 710 rubescebat
395 647 484 711 stellis
505 650 618 710 Aurora
637 649 756 727 iugatis,

61 749 128 792 cum
148 731 253 810 procul
273 732 415 794 obscuros
439 732 519 794 collis
538 732 736 812 humilemque
756 734 887 796 videmus

59 814 180 875 ltaliam.
225 814 335 877 ltaliam
356 818 469 896 primus
491 816 654 878 conclamat
671 816 811 887 Achates,

59 899 170 959 ltaliam
188 898 264 960 laeto
286 901 357 962 socii
379 900 507 962 clamore
534 901 669 963 salutant.

60 990 122 1043 tum
143 990 227 1061 pater
246 984 386 1046 Anchises
408 1002 546 1064 magnum
570 991 682 1045 cratera
705 1003 813 1046 corona

60 1066 153 1126 induit
174 1066 351 1146 inplevitque
372 1086 455 1130 mero
478 1069 616 1149 divosque
638 1070 751 1130 vocavit

59 1157 138 1211 stans
157 1152 251 1229 prima
269 1152 298 1211 in
320 1154 427 1233 puppi:

61 1234 105 1294 ‘di
126 1236 216 1295 maris
238 1242 266 1295 et
288 1244 384 1297 terrae
404 1244 668 1316 tempestatumque
688 1245 837 1317 potentes,

59 1317 135 1377 lente
156 1319 230 1378 dam
249 1326 334 1379 vento
352 1320 465 1382 lacilem
488 1328 516 1382 et
538 1323 646 1400 spirate
666 1316 814 1382 secundil’
896 1334 900 1342 ·

60 1400 250 1461 erebrescunt
271 1409 386 1480 optatae
406 1421 509 1474 aurae,
531 1410 693 1483 portusque
715 1405 837 1482 patescit

59 1488 116 1546 iam
138 1485 275 1562 propior,
299 1485 498 1563 templtunque
518 1495 640 1565 apparet
659 1487 690 1546 in
711 1504 780 1546 arce
800 1485 956 1546 Minervae.

59 1567 122 1630 vela
144 1568 246 1646 legunt
268 1571 339 1629 socii
360 1577 388 1630 et
414 1586 518 1648 proras
538 1569 574 1629 ad
595 1568 680 1629 litora
701 1576 847 1646 torquent.

60 1659 162 1732 portus
179 1651 216 1712 ab
238 1670 329 1713 euroo
352 1652 442 1714 iluctu
465 1659 600 1714 curvatus
620 1654 649 1713 in
668 1670 785 1722 arcum,

60 1736 190 1798 obiectae
212 1735 287 1796 salsa
305 1744 441 1815 spumant
464 1737 618 1816 aspargine
641 1743 752 1806 cautes,

60 1823 121 1898 ipse
140 1821 224 1881 latet:
247 1823 363 1899 gemino
387 1821 532 1882 dimittunt
553 1819 691 1880 bracchia
715 1836 801 1880 muro

61 1907 155 1965 turriti
178 1904 289 1984 scopuli
311 1906 478 1984 refugitque
499 1904 535 1965 ah
554 1902 640 1965 litore
662 1902 812 1983 templum.

59 1997 195 2067 quattuor
217 1989 279 2058 hic,
301 1990 430 2067 primum
451 2007 551 2058 omen,
575 2005 666 2067 equos
687 1989 718 2048 in
739 1987 869 2066 gramine
887 1987 943 2047 vidi

58 2073 212 2134 tondentes
236 2091 371 2151 campum
391 2073 462 2143 late,
487 2072 616 2134 candore
637 2070 734 2132 nivali.

59 2165 87 2217 et
105 2163 187 2234 pater
209 2157 348 2218 Anchises
372 2156 512 2228 ‘bellum,
534 2174 551 2217 o
571 2163 651 2218 terra
672 2155 799 2234 hospita,
820 2160 936 2232 portas:

57 2240 135 2301 bello
156 2248 308 2302 armantur
331 2243 411 2320 equi,
433 2240 544 2302 bellum
565 2240 639 2302 haec
660 2245 792 2300 armenta
811 2239 968 2298 minantur.

58 2325 110 2385 scd
124 2330 220 2385 tamen
244 2325 321 2386 idem
343 2324 411 2384 olim
433 2343 523 2386 curru
546 2323 709 2385 succedere
727 2322 804 2385 sueti

59 2407 265 2485 quadrupedes
287 2415 315 2468 et
337 2407 420 2468 irena
442 2409 510 2485 iugo
533 2407 689 2468 concordia
707 2407 801 2467 lerre:

58 2509 126 2569 spes
147 2497 175 2550 et
196 2488 290 2567 pacis'
314 2492 361 2549 ait.
405 2498 468 2550 tum
489 2492 608 2550 numina
628 2497 727 2550 sancta
747 2505 904 2567 precamur

58 2573 183 2634 Palladis
207 2574 384 2641 armisonae,
409 2591 483 2651 quae
504 2575 599 2650 prima
620 2572 732 2648 accepit
754 2572 880 2639 ovantis,

59 2666 88 2718 et
109 2658 201 2735 capita
221 2663 287 2716 ante
313 2672 378 2716 aras
399 2656 525 2734 Phrygio
547 2653 677 2715 velamur
695 2655 817 2722 amictu,

59 2741 281 2820 praeceptisque
301 2738 418 2809 lleleni,
441 2739 561 2799 dederat
580 2756 654 2818 quae
676 2739 820 2806 maxima,
843 2738 899 2798 rite

58 2826 163 2886 lunoni
183 2825 306 2901 Argivae
328 2824 421 2884 iussos
443 2822 593 2883 adolemus
616 2822 752 2882 honores.

58 2910 128 2970 haut
150 2926 248 2979 mora,
268 2909 406 2971 contiuuo
424 2906 562 2984 perlectis
583 2906 685 2967 ordine
707 2906 779 2965 votis

59 3011 168 3053 cornua
187 2991 348 3054 velatarum
370 2991 547 3052 obvertimus
569 2999 771 3051 antemnarum

59 3077 315 3156 Graiugenumque
338 3077 440 3157 domos
460 3083 652 3154 suspectaque
674 3074 832 3154 linquimus
856 3090 932 3134 arva.

58 3160 127 3220 hinc
145 3162 225 3222 sinus
246 3158 399 3229 Herculei,
424 3161 448 3221 si
468 3177 535 3221 vera
558 3166 601 3221 est
623 3159 714 3226 lama,
737 3158 852 3218 Tarenti

59 3244 203 3314 cernitur,
227 3242 330 3304 attollit
351 3261 383 3304 se
403 3242 466 3304 diva
486 3244 602 3304 Lacinia
626 3249 728 3302 contra

59 3326 253 3407 Caulonisque
272 3345 356 3388 arces
376 3335 405 3388 et
424 3327 606 3405 navifragum
623 3324 802 3404 Scylaceum.

59 3418 120 3472 tuin
143 3409 247 3489 procul
268 3430 284 3472 e
304 3411 396 3472 fluctu
417 3411 568 3472 Trinacria
589 3408 719 3470 cernitur
738 3406 844 3477 Aetna,

59 3504 89 3558 ot
110 3496 249 3572 gemitum
270 3494 418 3571 ingentem
435 3495 531 3574 pelagi
551 3493 722 3572 pulsataque
743 3507 810 3551 saxa
