2400 3878
121 198 184 260 aab
438 207 583 256 venenu
597 208 723 256 sunnis
742 209 806 257 vm

121 366 224 428 ludere
246 365 399 443 pendentis
418 381 526 442 pueros
546 372 575 425 et
596 363 727 425 lambere
746 372 870 426 matrem

121 449 280 529 inpavidos,
304 447 383 508 illam
403 448 490 509 tereti
513 449 626 508 cervice
648 447 756 509 rellexa

121 533 251 595 mulcere
273 532 401 594 alternos
424 540 453 593 et
475 549 601 608 corpora
621 532 733 609 lingere
750 531 860 610 lingua.

122 637 176 680 nec
197 616 302 697 procul
323 618 393 677 hinc
414 615 537 675 Romam
559 623 588 676 et
608 625 707 694 raptas
729 617 794 676 sine
815 633 899 676 mere
921 615 1044 677 Sabinas
1080 625 1134 677 obe

122 719 260 763 consessu
279 718 383 761 caveae
404 701 517 777 magnis
537 698 718 760 circensibus
740 700 811 760 actis

121 785 273 848 addiderat
294 783 451 863 subitoque
472 800 578 843 novom
601 800 780 860 consurgere
802 781 911 843 bellum

121 868 281 930 Romulidis
301 866 443 946 Tatioque
466 869 529 926 seni
549 866 733 945 Curibusque
753 868 871 927 severis.

123 962 190 1032 post
211 953 288 1011 idem
308 953 384 1011 inter
406 968 438 1011 se
459 950 554 1028 posito
578 951 736 1010 certamine
756 968 843 1029 reges

122 1037 226 1098 armati
246 1036 322 1095 lovis
344 1043 411 1095 ante
433 1053 514 1095 aram
536 1041 711 1112 paterasque
733 1040 865 1094 tenentes

121 1119 236 1180 stabant
257 1127 286 1179 et
303 1136 389 1179 caesa
408 1117 567 1193 iungebant
588 1117 708 1178 foedera
727 1135 827 1195 porca,

121 1202 322 1281 Romuleoque
342 1219 448 1263 recens
467 1200 609 1261 horrebat
626 1202 706 1278 regia
727 1200 835 1262 culmo.

121 1285 192 1346 baut
213 1285 317 1364 procul
338 1284 408 1345 inde
428 1286 502 1345 citae
524 1274 645 1344 liettum
667 1287 698 1344 in
721 1284 834 1346 diversa
856 1286 1014 1365 quadrigae

121 1368 294 1431 distulerant
316 1371 354 1448 (at
375 1376 407 1430 tu
428 1369 520 1437 dictis,
543 1367 664 1456 libane,
688 1370 852 1450 maneresl)

120 1454 314 1532 raptabatque
335 1454 389 1513 viri
411 1452 568 1512 mendecm
584 1454 693 1513 viscera
715 1451 817 1513 Tullus

121 1556 176 1618 per
195 1537 305 1604 silvam,
329 1545 358 1597 et
378 1538 473 1614 sparsi
494 1536 636 1598 rorabant
654 1537 796 1614 sanguiue
817 1556 930 1615 vepres.

121 1640 177 1683 nec
197 1640 257 1681 non
279 1621 471 1698 Tarquinium
493 1622 619 1683 eiectum
640 1620 791 1681 Porsenna
809 1620 929 1682 iubebat

122 1707 256 1783 accipere
278 1706 448 1782 ingentique
471 1704 576 1765 urbem
598 1703 748 1765 obsidione
770 1704 937 1783 premebat:

122 1787 275 1850 Aeneadae
297 1790 328 1847 in
350 1789 461 1848 ferrum
483 1806 538 1867 pro
560 1788 695 1850 libertate
716 1787 851 1850 ruebant.

122 1872 205 1934 illum
225 1872 387 1948 indignanti
405 1872 530 1932 similem
551 1871 735 1952 similemque
753 1874 875 1933 minanti

122 1959 280 2036 aspiceres,
303 1962 424 2034 pontem
445 1956 568 2017 auderet
589 1958 657 2037 quia
678 1954 786 2016 vellere
807 1955 908 2019 Cocles

123 2049 152 2102 et
169 2040 286 2100 ilurium
308 2038 410 2100 vinclis
431 2042 548 2101 innaret
569 2039 677 2100 Cloelia
696 2041 802 2118 ruptis.

121 2126 152 2184 ln
174 2142 288 2183 summo
312 2135 410 2184 custos
432 2125 574 2201 Tarpeiae
598 2123 722 2184 Manlius
744 2125 820 2184 arcis

121 2208 218 2269 stabat
238 2226 293 2286 pre
309 2207 418 2287 templo
441 2214 469 2269 et
490 2207 630 2287 Capitolia
652 2205 729 2267 celsa
747 2208 874 2277 tenebat,

122 2298 209 2371 atque
231 2292 279 2351 hic
304 2294 414 2353 auratis
438 2291 560 2352 volitans
581 2298 737 2369 argenteus
757 2309 845 2352 anser

122 2375 286 2454 porticibus
306 2375 404 2437 Galles
423 2378 453 2435 in
475 2375 575 2436 limine
596 2375 698 2437 adesse
718 2375 850 2437 canebat.

123 2458 196 2521 Galli
216 2477 270 2538 per
289 2459 393 2520 dumos
414 2460 536 2521 aderant
557 2478 714 2538 arcemque
733 2460 881 2531 tenebant,

123 2544 234 2605 dolensi
255 2543 385 2605 tenebris
404 2552 433 2604 et
454 2544 531 2621 deno
551 2546 646 2604 noctis
667 2563 793 2623 opacae:

122 2645 211 2689 aurea
230 2629 376 2688 caesaries
398 2627 463 2688 ollis
484 2637 572 2707 atque
594 2645 691 2689 aurea.
705 2630 799 2703 vestis,

122 2713 239 2790 virgatis
258 2709 357 2772 lucent
379 2711 495 2789 sagulis,
518 2719 581 2772 tum
600 2712 694 2773 lactea
715 2711 788 2772 colla

122 2813 195 2857 auro
212 2797 407 2863 innectuntur,
429 2795 487 2856 duo
508 2796 632 2875 quisque
646 2796 748 2872 Alpina
767 2803 924 2856 coruscant

121 2896 208 2956 gaesa
230 2895 327 2946 manu,
348 2880 439 2938 scutis
458 2881 584 2955 protecti
604 2896 730 2956 corpora
751 2879 855 2957 longis.

121 2963 170 3021 hic
192 2959 346 3020 exultantis
368 2960 456 3020 salios
476 2961 630 3040 nudosque
650 2960 787 3039 lupercos

121 3044 326 3122 lanigerosque
347 3045 445 3122 apices
468 3049 497 3104 et
518 3042 598 3121 lapsa
618 3043 722 3104 ancilia
743 3042 844 3104 caelo·

121 3126 281 3195 extuderat,
303 3135 398 3187 castae
420 3126 567 3188 ducebant
585 3145 668 3190 sacra
686 3146 741 3207 per
759 3127 865 3189 urbem

121 3210 238 3290 pilentis
260 3218 369 3272 matres
389 3213 420 3271 in
441 3210 587 3274 mollibus.
625 3213 694 3272 binc
716 3212 822 3292 procul
844 3211 923 3273 addit

120 3295 275 3356 Tartareas
297 3297 384 3357 etiam
402 3296 496 3367 sedes,
519 3295 575 3358 alta
595 3298 667 3358 ostia
686 3296 768 3367 Ditis,

121 3388 150 3441 et
171 3378 315 3440 scelerum
335 3400 445 3460 poenas
469 3388 556 3452 otte,
579 3380 708 3453 Catilina,
725 3383 832 3442 minaci

121 3463 296 3541 pendentem
317 3466 439 3545 scopulo
461 3466 662 3545 furiarumque
684 3484 736 3528 ora
757 3472 942 3529 trementem.
