2400 3878
131 226 188 286 142
457 231 600 279 eunoun
622 231 746 278 snums
770 231 810 276 111

129 389 214 452 vade’
234 391 287 459 ait,
312 398 345 448 ‘o
364 386 432 448 lelix
453 389 513 447 nati
534 387 648 464 pietate.
694 386 763 463 quid
786 385 862 446 ultra
997 434 999 438 .
1103 397 1158 452 48⁰

129 475 275 552 provehor
298 481 326 533 et
348 471 435 532 lando
456 471 602 546 surgentis
621 469 759 530 demoror
781 469 924 530 austrosl'

129 577 184 619 nec
205 559 301 618 minus
321 555 525 616 Andromache
546 555 680 630 digressu
701 563 811 614 maesta
833 571 970 632 supremo

130 643 187 703 lert.
207 643 364 720 picturatas
385 640 449 699 auri
471 638 655 713 subtegmine
677 647 771 698 vestes

131 735 160 788 et
182 726 338 804 dhrygiam
360 723 484 783 Ascanio
504 722 687 800 chlamydem
710 722 776 798 (nec
799 722 876 782 cedit
897 721 1021 799 honore)

130 808 337 886 textilibusque
355 815 458 867 onerat
480 806 577 874 donis,
598 824 632 865 ac
654 804 720 865 talia
742 804 834 866 latur:
1105 818 1160 872 435

132 895 248 972 'accipe
268 899 295 953 et
315 892 403 959 haee,
427 908 568 951 manuum
589 890 640 950 tibi
663 909 738 967 quae
760 889 937 951 monimenta
960 908 1099 951 mearum

132 980 203 1047 sint,
226 994 315 1055 puer,
338 983 366 1035 et
388 974 508 1052 longum
531 974 753 1035 Andromachae
774 981 919 1035 testentur
938 991 1091 1044 amorem,

133 1061 263 1137 coniugis
285 1060 454 1119 Hectoreae.
500 1075 572 1135 cape
594 1059 670 1119 dona
693 1066 823 1120 extrema
845 1066 976 1127 tuorum,

133 1163 150 1205 o
171 1145 243 1204 mihi
265 1143 325 1202 sola
349 1143 408 1203 mei
424 1159 516 1220 super
537 1143 717 1219 Astyanactis
738 1143 844 1221 imago.

133 1231 174 1290 sic
197 1226 313 1295 oculos,
336 1227 378 1286 sic
399 1223 448 1286 ille
468 1243 588 1295 manus,
611 1228 721 1287 sicera
744 1225 870 1295 lerebat;
1108 1239 1163 1294 49⁰

134 1321 162 1374 et
183 1330 262 1373 nunc
283 1309 396 1387 aequali
416 1317 515 1370 tecum
533 1309 709 1386 pubesceret
728 1309 825 1371 aevo'

133 1398 187 1457 hos
210 1412 264 1473 ego
287 1394 453 1471 digrediens
473 1392 601 1453 lacrimis
623 1394 743 1455 adfabar
766 1394 890 1455 obortis:

33 1551 38 1559 ,
134 1481 235 1541 ‘vivite
257 1478 368 1547 felices,
393 1476 499 1556 quibus
521 1486 564 1538 est
585 1478 701 1539 fortuna
723 1486 842 1557 peracta

135 1583 191 1626 ram
215 1582 281 1630 sua:
303 1580 357 1622 nos
379 1561 433 1623 alia
456 1581 490 1622 er
513 1561 576 1622 aliis
595 1564 626 1623 iu
646 1564 703 1624 lata
725 1581 873 1624 vocamur.

135 1648 215 1709 robis
236 1656 318 1726 parta
342 1648 439 1725 quies,
463 1645 575 1707 nullum
596 1648 686 1708 maris
707 1665 818 1726 aequor
839 1645 997 1712 arandum.
1052 1657 1056 1663 ·
1110 1659 1165 1713 49⁶

135 1751 202 1794 arva
223 1750 319 1809 neque
339 1732 483 1791 Ausoniae
505 1749 621 1807 semper
644 1732 775 1792 cedentia
797 1740 878 1793 retro

134 1814 310 1897 quaerenda.
355 1814 481 1889 elllgiem
500 1813 607 1874 Xanthi
629 1815 807 1895 Troiamque
827 1815 942 1883 videtis,

135 1917 222 1979 quam
244 1907 358 1959 vestrae
381 1897 478 1958 locere
498 1916 603 1958 manus
622 1898 807 1969 melioribus,
831 1907 915 1978 opto,

135 1984 271 2062 auspiciis
295 1990 323 2043 et
344 2000 418 2062 quae
435 1980 543 2042 luerint
564 1983 659 2043 minus
680 1983 763 2044 obvia
786 1986 878 2046 Grais.

135 2067 277 2145 siquando
299 2065 441 2145 Thybrim
459 2066 611 2145 vicinaque
632 2067 789 2145 Thybridis
810 2087 878 2129 arra

135 2154 247 2213 intraro
266 2150 404 2228 gentique
421 2168 505 2211 meae
528 2151 594 2211 data
615 2153 729 2211 moenia
752 2170 886 2222 cernam,

135 2242 273 2313 cognatas
292 2233 383 2294 urbes
405 2233 474 2294 olim
494 2233 677 2314 populosque
698 2236 879 2317 propinquos

136 2321 225 2398 Epiro
248 2318 407 2396 Hesperia,
431 2317 537 2398 quibus
554 2320 631 2381 idem
649 2320 802 2381 Dardanus
824 2327 926 2382 auctor

136 2411 223 2483 atque
244 2403 321 2464 idem
343 2420 442 2470 casus,
464 2420 552 2464 unam
572 2403 711 2465 iaciemus
726 2412 881 2483 utramque

136 2489 254 2548 Troiam
277 2487 395 2554 animis:
416 2494 533 2547 maneat
554 2495 671 2548 nostros
694 2508 727 2550 ea
749 2507 819 2550 cura
840 2487 988 2567 nepotes’
1114 2504 1168 2556 sos

178 2572 370 2633 Provehimur
391 2570 495 2648 pelago
514 2571 606 2632 vicina
624 2572 766 2633 Ceraunia
787 2574 880 2643 iuxta,
953 2560 1059 2584 Ψ

137 2657 216 2717 unde
238 2657 293 2717 iter
316 2654 425 2715 ltaliam
448 2673 611 2734 cursusque
631 2656 818 2718 brevissimus
836 2657 929 2718 undis.

137 2740 180 2800 sol
202 2742 262 2801 ruit
279 2741 390 2800 interea
412 2747 441 2799 et
462 2748 576 2801 montes
599 2740 774 2802 umbrantur
798 2743 891 2820 opaci.

136 2825 294 2885 sternimur
314 2829 438 2898 optatae,
450 2826 562 2900 gremio
584 2822 695 2883 telluris
718 2825 755 2885 ad
773 2826 880 2886 undam

137 2908 231 2968 sortiti
252 2923 364 2972 remos,
385 2906 552 2984 passimque
573 2908 603 2965 in
623 2905 709 2969 litore
730 2911 809 2970 sicco

138 3007 263 3069 corpora
286 3006 437 3049 curamus:
461 2989 553 3050 lessos
570 3008 659 3069 sopor
680 2992 787 3071 inrigat
808 3002 897 3056 artus.

41 3125 45 3131 .
136 3074 262 3136 necdum
284 3071 387 3132 orbem
409 3072 537 3133 medium
559 3074 623 3135 Nox
645 3075 730 3137 lloris
752 3087 814 3139 acta
837 3077 968 3140 subibat:

137 3159 208 3220 haut
228 3157 326 3234 segnis
348 3162 438 3216 strato
459 3159 552 3234 surgit
573 3158 727 3221 Palinurus
746 3169 775 3222 et
796 3164 889 3223 omnis

137 3241 268 3320 explorat
289 3247 390 3301 ventos
412 3248 499 3321 atque
521 3243 641 3304 auribus
662 3250 730 3306 adra
753 3255 863 3325 captat;

136 3327 232 3388 sidera
254 3331 358 3387 cuncta
378 3332 459 3385 notat
477 3327 564 3389 tacito
586 3329 712 3391 labentia
734 3330 829 3399 caelo,
1115 3342 1171 3401 su

137 3416 287 3472 arcturum
308 3407 478 3488 pluviasque
500 3410 609 3492 hyadas
631 3415 821 3493 geminosque
836 3415 961 3481 triones,

138 3504 340 3571 armatumque
363 3510 435 3552 auro
457 3493 654 3576 circumspicit
676 3497 793 3558 Oriona.
