2400 3878
135 208 194 269 tta
476 220 617 268 venenu
640 220 801 268 nnnnrsv

135 377 227 436 fertur
250 393 279 433 ιιι
301 391 370 434 arva
391 373 489 434 volans
511 373 703 452 plausumque
725 375 861 434 exterrita
883 376 977 452 plunis
1096 387 1156 446 m

135 459 183 519 dat
203 465 283 518 tecto
300 460 462 535 ingentem,
485 476 554 517 mox
576 463 644 518 aere
665 456 744 536 lapsa
766 458 863 535 quieto

134 542 211 603 radit
233 543 287 602 iter
307 541 450 620 liquidum
472 540 575 602 celeris
597 558 692 619 neque
714 537 877 601 commovet
894 541 969 601 alas:

134 626 177 686 sic
197 625 378 694 Mnestheus,
402 627 444 686 sic
469 627 530 703 ipsa
553 626 620 703 fuga
642 631 721 684 secat
740 622 840 684 ultima
859 624 960 684 Pristis

135 727 277 787 aequora,
300 709 342 768 sic
360 708 439 769 illam
461 711 517 770 fert
536 711 661 785 impetus
681 709 742 785 ipse
764 706 915 767 volantem.

136 800 164 852 et
183 793 310 870 primum
329 793 359 852 ln
381 792 501 869 scopulo
520 791 678 852 luctantem
699 791 807 852 deserit
827 790 883 851 alto
1098 803 1156 859 220

136 877 306 952 Sergestum
326 875 522 954 brevibusque
544 876 622 936 vadis
644 876 809 953 frustraque
830 883 980 936 vocantem

135 959 238 1020 auxilia
258 971 287 1019 ct
308 959 406 1020 fractis
428 959 587 1019 discentem
609 977 729 1019 currere
749 960 848 1018 remis.

135 1044 202 1103 inde
224 1043 305 1119 Cyan
327 1046 477 1121 ipsamque
499 1044 609 1119 ingenti
631 1042 707 1102 mole
730 1041 912 1102 Chimaeram

135 1128 339 1202 consequitur:
360 1127 449 1195 cedit,
473 1128 610 1204 quoniam
631 1125 751 1203 spoliata
769 1126 908 1202 magistro
929 1133 981 1186 est.

135 1208 214 1271 solus
233 1211 349 1287 iamque
371 1211 434 1288 ipso
457 1218 590 1287 superest
613 1211 643 1268 ἰιι
663 1210 721 1270 line
739 1207 905 1269 Cloanthus.
1098 1223 1155 1279 225

135 1312 222 1371 quem
244 1293 315 1372 petit
336 1301 365 1353 et
383 1292 503 1354 summis
525 1293 647 1353 adnixus
669 1293 779 1365 viribus
801 1300 915 1368 urguet.

135 1393 196 1436 ium
219 1395 287 1436 vero
307 1377 466 1453 ingeminat
488 1377 614 1447 clamor,
635 1379 791 1455 cunctique
812 1383 982 1453 sequentem

134 1461 272 1536 instigant
289 1460 405 1530 studiis,
428 1469 603 1539 resonatque
626 1459 790 1536 fragoribus
811 1457 920 1520 aether.

136 1543 164 1603 lii
183 1546 336 1620 proprium
358 1544 446 1604 decus
467 1552 495 1604 et
516 1553 632 1621 partum
653 1544 839 1621 indignantur
861 1542 1002 1603 honorem

136 1628 163 1687 ui
186 1634 317 1696 teneant,
336 1629 480 1705 vitamque
496 1627 595 1688 volunt
613 1645 668 1704 pro
688 1626 773 1689 laude
795 1626 915 1703 pacisci;
1098 1641 1156 1696 230

135 1712 188 1770 hos
210 1728 363 1771 successus
385 1711 448 1770 alit:
471 1719 607 1789 possunt,
631 1712 697 1789 quia
718 1728 804 1787 posse
825 1709 967 1770 utentur,

135 1802 163 1853 et
185 1795 245 1852 fors
268 1794 397 1870 aequatis
423 1796 567 1872 cepissent
589 1795 718 1871 praemia
739 1794 856 1862 rostris,

135 1879 163 1935 ui
183 1875 292 1953 palmas
314 1884 403 1952 ponto
426 1878 548 1937 tendens
570 1884 709 1955 utrasque
730 1875 888 1938 Cloanthus

135 1959 313 2038 fudissetque
335 1977 438 2035 preces
462 1960 600 2038 divosque
618 1963 647 2020 in
670 1968 735 2020 vota
756 1967 894 2021 vocasset.

135 2043 193 2110 ‘di,
212 2042 316 2120 quihus
332 2044 485 2120 imperium
501 2052 543 2104 cst
558 2044 666 2121 pelagi,
684 2063 809 2123 quorum
825 2060 950 2121 aequora
968 2060 1074 2114 curro,
1098 2057 1156 2115 ω

135 2125 215 2186 robis
236 2125 330 2186 laetus
352 2144 406 2204 ego
429 2127 485 2187 hoc
507 2128 680 2189 candentem
698 2129 728 2187 in
746 2126 830 2188 litore
849 2134 964 2187 taururu

134 2210 306 2270 constituam
327 2218 394 2270 ante
415 2229 481 2271 aras
505 2212 561 2272 voti
582 2229 650 2272 rcus
673 2219 796 2290 extaque
818 2208 909 2270 salsos

134 2294 274 2371 proiciam
295 2294 324 2352 in
343 2293 449 2355 flnctus
472 2303 500 2355 et
523 2296 587 2355 vina
608 2295 747 2374 liquentia
766 2291 909 2355 fundam'

134 2378 218 2445 dixit,
242 2395 367 2455 eumque
389 2379 454 2438 imis
477 2380 531 2439 sub
551 2379 687 2440 fluctibus
708 2378 798 2440 audiit
819 2377 912 2437 omnis

133 2461 290 2522 Nereidum
311 2461 476 2542 Phorcique
499 2464 606 2524 chorus
627 2464 821 2541 Panopeaque
839 2461 934 2537 virgo,
1099 2474 1155 2531 Μ

134 2553 162 2606 et
184 2554 267 2622 pater
290 2547 350 2621 ipse
373 2564 461 2607 manu
480 2564 585 2624 magna
605 2547 751 2606 Portunus
772 2551 888 2606 euntem

133 2629 262 2706 impulit:
286 2627 333 2689 illa
355 2638 423 2690 noto
446 2633 529 2692 citius
549 2629 718 2709 volucrique
740 2630 841 2707 sagitta

133 2713 170 2772 ad
189 2720 298 2773 terram
318 2713 438 2790 fugitet
459 2724 547 2792 portu
567 2733 598 2775 se
621 2713 750 2775 condidit
773 2712 839 2773 alto.

43 2845 50 2863 ,.
133 2804 194 2856 ῑιιιιι
213 2805 293 2856 satus
310 2796 435 2857 Anchisa
457 2799 568 2857 cunctis
589 2816 624 2856 ex
646 2816 729 2857 more
750 2795 857 2857 vocatis

132 2879 272 2937 victorem
290 2896 394 2954 magna
416 2881 570 2954 praeconis
590 2898 661 2938 voce
683 2879 855 2940 Cloanthum

132 2959 259 3021 declarat
282 2959 423 3036 viridique
444 2958 555 3020 advelat
577 2968 710 3039 tempora
731 2963 828 3032 lauro,

132 3061 313 3122 muneraque
334 3044 364 3101 in
386 3044 465 3103 navis
484 3051 584 3104 ternos
606 3051 707 3120 optare
728 3047 864 3107 iuvencos

133 3128 254 3203 vinaque
277 3134 305 3186 et
328 3128 440 3203 argenti
460 3146 598 3206 magnum
619 3127 667 3187 dat
689 3130 767 3189 ferre
788 3128 937 3192 talentum.

131 3210 200 3289 ipsis
221 3211 393 3288 praecipuos
415 3212 586 3272 ductoribus
606 3211 685 3271 addit
707 3212 850 3274 honores:

132 3293 233 3353 victori
254 3293 434 3374 chlamydem
453 3303 599 3363 auratam,
623 3313 709 3371 quam
731 3295 856 3374 plurima
874 3298 984 3359 circum
1098 3310 1156 3371 m

131 3395 262 3456 purpura
280 3379 437 3439 maeandro
460 3376 567 3456 duplici
589 3376 728 3438 lleliboea
751 3381 895 3450 cucurrit,
1196 3420 1198 3451 ;

130 3462 314 3538 intentusque
336 3481 410 3542 puer
431 3460 568 3522 frondosa
589 3462 686 3539 regius
708 3463 758 3523 lda
1169 3468 1198 3501 ·⁴

1141 3530 1198 3815 l
