2400 3878
144 214 200 277 toa
479 224 622 272 vnnornr
644 222 768 271 anunrs
791 223 804 271 r

138 382 301 460 inprovisus
323 379 377 440 ait:
400 388 530 448 ‘coram,
556 396 642 457 quem
666 379 817 456 quaeritis,
838 378 938 439 adsum
1099 392 1155 448 595

138 467 240 526 Troius
259 464 387 533 Aeneas,
409 462 523 542 Libycis
545 469 663 540 ereptus
683 461 720 522 ab
740 462 835 523 undis.

139 568 156 609 o
178 546 238 607 sola
257 547 390 608 infandos
408 546 515 606 Troiae
536 547 671 607 miserata
694 545 825 615 labores,

139 649 213 710 quae
232 649 300 700 nos,
322 629 459 709 reliquias
480 631 624 699 Danaum,
648 637 803 706 terraeque
824 631 971 709 marisque
1055 668 1062 677 ·

139 714 274 776 omnibus
294 713 440 774 exhaustis
461 714 518 774 iam
547 713 663 774 casibus
685 715 814 773 omnium
835 731 943 790 egenos

139 799 213 859 urbe
236 798 322 858 domo
343 798 451 866 socias,
474 807 571 874 grates
591 797 759 875 persolvere
781 797 881 874 dignas
1101 812 1156 866 000

139 901 198 944 000
220 883 283 959 opis
305 889 348 941 est
369 891 502 950 nostrae,
525 882 613 952 Dido,
636 899 691 942 nec
712 881 850 959 quidquid
872 881 981 959 ubique
1003 889 1048 943 est

139 967 233 1044 gentis
254 965 431 1033 Dardaniae,
455 983 593 1043 magnum
616 984 691 1045 quae
712 983 812 1042 sparsa
833 982 887 1042 per
908 964 1020 1027 orbem.

139 1051 168 1110 di
188 1049 254 1119 tibi,
277 1050 359 1127 siqua
380 1051 443 1126 pios
462 1057 628 1127 respectant
649 1050 781 1118 numina,
803 1048 898 1127 siquid

139 1151 264 1211 usquam
285 1133 390 1192 iustitia
411 1142 454 1193 est
476 1141 505 1194 et
522 1151 604 1194 mens
626 1133 680 1193 sibi
703 1134 818 1192 conscia
837 1134 927 1202 recti,

139 1217 269 1295 praemia
289 1217 375 1292 digna
397 1215 502 1276 lerant.
548 1236 622 1295 quae
645 1226 673 1277 te
694 1225 752 1277 tam
773 1215 848 1277 laeta
869 1217 998 1277 tulerunt
1102 1231 1156 1284 005

139 1299 273 1362 saecula?
296 1300 345 1376 qui
366 1301 438 1358 tanti
454 1299 541 1360 talem
560 1319 688 1378 genuere
711 1300 865 1378 parentes?

139 1385 169 1444 in
191 1385 264 1444 lreta
286 1384 355 1444 dum
374 1382 452 1443 fluvii
475 1394 610 1453 current,
634 1385 703 1444 dum
723 1383 871 1444 montibus
892 1383 1015 1446 umbrae

139 1466 318 1535 lustrabunt,
338 1485 464 1527 convexa
486 1467 570 1544 polus
590 1469 659 1529 durn
681 1468 776 1528 sidera
797 1474 913 1545 pascet,

140 1569 256 1628 semper
277 1551 371 1611 bonos
388 1569 553 1630 nomenque
575 1560 657 1613 tuum
678 1551 837 1629 laudesque
858 1551 1034 1623 manebunt,

141 1653 215 1713 qnae
239 1652 286 1695 me
310 1653 436 1712 cumque
458 1644 562 1696 vocant
581 1634 704 1696 terrae'
748 1637 789 1696 sic
810 1634 886 1695 latus
909 1636 1036 1697 amicum
1103 1649 1158 1702 610

139 1717 248 1779 llionea
266 1719 338 1794 petit
357 1718 473 1788 dextra,
497 1718 636 1797 laevaque
657 1721 822 1788 Serestum,

140 1813 206 1879 post
228 1800 313 1870 alios,
336 1799 500 1878 fortemque
523 1802 602 1879 Gyan
619 1804 783 1880 fortemque
799 1800 982 1863 Cloanthum.

183 1884 328 1961 Opstipuit
348 1885 444 1961 primo
466 1893 584 1962 aspectu
605 1886 722 1946 Sidonia
745 1886 830 1955 Dido,

141 1985 210 2027 0000
233 1967 337 2027 deinde
359 1968 412 2027 viri
433 1975 529 2037 tanto,
553 1978 581 2029 et
602 1971 643 2029 sic
663 1987 715 2029 ore
734 1969 831 2030 locuta
850 1977 907 2032 est:

141 2053 221 2130 ‘quis
243 2059 286 2119 10,
309 2059 375 2111 0010
397 2050 468 2122 dea,
489 2070 543 2130 per
563 2059 643 2113 tanta
664 2054 793 2132 pericula
816 2071 899 2114 casus
1102 2066 1156 2122 610

140 2135 319 2213 insequitur?
341 2152 416 2213 quae
438 2137 479 2195 vis
500 2138 676 2197 immanibus
695 2137 820 2217 applicat
842 2138 917 2198 onst

140 2226 210 2279 tune
231 2216 279 2278 ille
300 2220 426 2287 Aeneas,
448 2238 536 2297 quem
552 2221 696 2281 Dardanio
719 2221 862 2282 Anchisae

141 2301 216 2362 alma
238 2301 334 2362 Venus
354 2301 472 2381 Phrygii
494 2306 593 2382 genuit
612 2306 767 2366 Simoentis
787 2305 824 2366 ad
841 2305 968 2366 undami

141 2392 226 2463 atque
248 2386 384 2463 equidem
404 2386 551 2448 Teucrum
574 2391 693 2450 memini
717 2390 824 2449 Sidona
842 2390 940 2450 venire

141 2468 247 2529 dnibus
269 2468 420 2546 expulsum
442 2473 552 2548 patriis,
576 2490 649 2534 nova
671 2491 761 2551 regna
783 2479 930 2550 petentem
1104 2487 1159 2541 000

141 2553 246 2613 auxilio
269 2552 345 2621 Beli;
366 2555 480 2631 genitor
503 2563 564 2617 tum
586 2555 675 2618 Belus
697 2558 824 2635 opimam

142 2636 270 2697 vastabat
292 2636 418 2716 Cyprum
441 2646 469 2699 01
490 2641 581 2701 victor
602 2641 715 2701 dicione
737 2639 864 2700 tenebat.

140 2727 273 2800 tempore
296 2722 353 2780 ianr
376 2740 410 2780 ex
433 2720 481 2782 illo
500 2741 585 2784 casus
605 2724 676 2783 mibi
698 2726 830 2801 cognitus
852 2722 934 2785 urbis

141 2803 281 2863 Troianae
302 2820 468 2881 nomenque
484 2812 568 2865 tunm
590 2824 733 2883 regesque
752 2807 875 2884 Pelasgi.

140 2885 203 2961 ipse
223 2885 315 2945 hostis
333 2884 463 2945 Teucros
483 2887 588 2964 insigni
608 2888 693 2948 laude
715 2888 840 2959 ferebat,
1104 2904 1160 2960 000

140 2984 230 3045 seque
250 2975 347 3026 ortum
370 2968 486 3046 antiqua
509 2968 692 3030 Teucrorum
714 2989 729 3030 a
752 2973 841 3050 stirpe
863 2972 986 3034 volebat.

141 3067 231 3127 quaro
250 3051 361 3125 agiteo
383 3051 466 3111 tectis
487 3052 605 3114 iuvenes
623 3055 769 3116 succedite
790 3059 905 3117 nostris.

141 3151 188 3193 me
207 3151 324 3212 quoque
342 3151 396 3212 per
417 3132 524 3195 multos
546 3135 646 3196 similis
669 3137 785 3199 lortuna
805 3139 920 3202 labores

140 3217 275 3278 iactatam
290 3215 346 3278 bac
367 3216 487 3280 demum
506 3217 595 3282 soluit
612 3221 772 3283 consistere
792 3229 887 3285 terra:

140 3317 199 3360 non
222 3299 322 3377 ignara
343 3303 411 3362 mali
432 3303 546 3365 miseris
567 3321 741 3366 succurrere
764 3306 868 3367 disco’

140 3384 182 3443 sic
201 3391 360 3454 memorat;
380 3386 466 3447 simul
484 3389 601 3448 Aenean
619 3389 649 3447 in
666 3390 745 3467 regia
766 3390 845 3450 ducit

140 3474 228 3536 tecta,
250 3468 335 3530 simul
354 3468 450 3530 divom
472 3471 587 3550 templis
609 3471 708 3532 indicit
728 3472 879 3533 bonorem.
