2400 3878
312 205 342 251 P.
359 205 503 252 VERGILI
524 203 678 255 mamonis
700 205 888 255 Nannieno.
1016 206 1107 254 XXIII

96 362 221 435 auspiciis
231 364 393 435 promissum
405 362 620 437 splendidissime
631 365 804 438 persequitur
813 358 843 435 ¹),
860 372 887 420 et
898 370 1001 422 octaua
1014 381 1105 421 rever·

97 446 166 500 tenti
178 461 210 500 ex
222 444 311 518 lllyrio
323 448 477 520 imperatori
489 447 617 511 dedicata,
634 463 685 520 qua
696 446 785 520 dignis
797 446 951 519 Sophocleo
961 448 1105 511 cothurno,

96 527 124 584 h.
142 543 166 584 e.
182 528 266 601 ipsius
281 528 411 585 Pollionis
427 538 497 595 arte,
514 528 593 587 lactis
609 532 666 586 eius
682 530 807 586 canendis
823 546 895 585 nunc
909 530 1017 604 quidem
1032 534 1106 604 inpa-

95 626 153 666 rem
167 627 197 666 se
217 611 358 684 prolessns
373 629 406 669 er
425 612 549 670 bucolico
569 615 676 669 interim
698 629 813 686 genere,
833 614 910 668 cuius
931 614 1037 670 colendi
1058 614 1105 670 ille

95 702 189 750 auctor
200 694 297 759 iuerat,
309 695 688 767 carminaduolheocriteassl
701 694 746 766 lll)
753 694 867 751 alterum
877 696 954 751 alteri
966 698 1103 771 opposuit.

179 777 298 851 lienique
313 777 432 836 Cornelii
447 779 514 835 Galli
535 779 634 836 deserti
657 797 671 834 a
692 778 835 852 Cytheride
855 781 933 834 mima
955 776 1104 836 ‘sollicitos

95 862 218 916 amores’
238 863 266 916 in
281 870 400 918 extrema
420 863 575 937 eclogarum
590 865 700 920 decima
715 863 811 918 festive
832 864 869 918 ita
884 862 1055 927 consolatur,
1077 872 1107 918 ut

95 951 195 1017 quanto
216 946 275 1018 ipsc
295 946 371 1002 illum
386 962 477 1002 amore
498 954 637 1003 crescente
659 949 686 1002 in
708 946 788 1001 horas
809 944 844 1018 (v.
863 945 914 1017 73)
928 947 1105 1019 amplectatur

96 1028 248 1083 tenerrimis
264 1029 291 1083 in
308 1029 418 1085 exordio
435 1038 462 1086 et
477 1031 504 1085 iu
521 1029 573 1085 line
588 1031 719 1103 poematis
736 1027 821 1084 verbis
837 1022 1011 1103 significet2).

180 1110 245 1166 Cum
261 1113 372 1168 recitata
386 1111 507 1169 bucolica
522 1114 628 1187 ingenti
650 1112 741 1168 lavore
757 1111 788 1167 eh
804 1113 863 1186 ipso
878 1107 988 1186 poetri)
1004 1121 1061 1168 tum
1078 1114 1105 1169 in

96 1208 191 1248 scaena
202 1209 252 1267 per
263 1203 387 1252 cantores
399 1195 494 1252 crebro
506 1197 681 1270 pronuntiata
692 1212 751 1252 esse
762 1189 941 1269 accepimusl)
953 1213 985 1252 eo
999 1197 1105 1270 quidem

96 1292 232 1339 successu.
249 1285 279 1333 ut
296 1279 429 1352 quondam
445 1281 596 1336 surrexisse
611 1282 752 1336 universus
767 1279 888 1353 populus,
900 1287 927 1334 et
942 1280 1013 1335 sorte
1028 1296 1105 1353 prae·

96 1367 199 1415 sentem
215 1369 435 1436 spectantemque
451 1363 597 1438 Vergilium
611 1371 754 1420 veneratus
770 1379 829 1418 esse
844 1359 1007 1434 narraturi).
1039 1379 1105 1435 ergo

98 1451 203 1497 cantata
217 1460 277 1498 cum
293 1444 402 1508 luerint,
418 1447 514 1501 mirum
528 1456 638 1502 nonest
653 1447 726 1519 quod
741 1445 774 1500 ad
789 1446 945 1500 melicorum
961 1447 1105 1501 carminum

100 1524 303 1581 similitudinem
317 1529 489 1602 stropharum
505 1529 636 1602 quandam
652 1527 867 1602 aequabilitatem
882 1543 945 1600 prae
961 1544 990 1584 se
1006 1528 1105 1591 lerunt,

101 1655 296 1664 4----.-.-.,-

97 1723 123 1771 in
135 1737 165 1770 eo
177 1721 250 1784 libro,
264 1725 306 1786 qui
320 1723 469 1774 Thaumasia
481 1727 635 1789 appellatur,
648 1726 794 1788 conscripta
805 1732 870 1774 sunt.
894 1726 904 1774 i
904 1738 961 1787 pse
974 1725 1015 1772 ad
1026 1738 1105 1773 eom-

95 1790 326 1839 mendationem
343 1793 487 1841 addidit’
508 1792 589 1842 fallor
600 1806 635 1840 an
648 1791 835 1841 demonstrant
847 1792 935 1856 ipsum
954 1793 1064 1854 poetam
1075 1795 1106 1839 ut

98 1855 206 1905 Statius
229 1855 307 1906 silvis
331 1873 412 1922 prosa
438 1860 560 1910 oratione
579 1859 684 1922 eclogia
701 1858 746 1910 rel
769 1858 885 1922 singulis
903 1856 948 1908 vel
970 1857 1106 1906 universis

100 1922 257 1986 praefatum
276 1923 403 1974 fuissetis

165 1987 185 2053 ¹)
204 1992 321 2054 ‘quidam
338 1991 496 2052 Saloninum,
515 1993 638 2043 Pollionis
652 1994 742 2054 filium,
761 1993 896 2055 accipiunt.
927 1991 974 2039 alii
991 1990 1106 2038 Asinium

102 2054 210 2114 Gallum,
226 2057 338 2120 fratrem
355 2058 484 2122 Salonini,
505 2061 548 2124 qui
562 2061 635 2122 prius
652 2065 727 2108 natus
746 2066 795 2120 est,
815 2060 931 2109 Pollione
943 2060 1043 2107 consule
1061 2060 1105 2106 de-

97 2122 206 2184 signato.
242 2123 368 2174 Asconius
386 2127 517 2176 Pedianus
529 2142 545 2175 a
559 2127 630 2176 Galla
642 2128 745 2175 audisse
756 2140 784 2174 se
801 2126 895 2188 refert,
914 2124 978 2174 lana
996 2126 1106 2186 eclogam

98 2189 122 2238 ln
144 2189 262 2239 honorem
285 2193 338 2241 eius
358 2193 470 2255 faalam'
495 2192 608 2243 Servius
626 2192 662 2241 ad
684 2192 736 2244 ecl.
754 2190 793 2243 VI
812 2193 851 2240 11.
888 2191 983 2240 ‘Gaius
1000 2191 1106 2239 Asinius

99 2254 184 2305 Gallus
203 2264 299 2317 orator,
318 2259 405 2308 Asinii
421 2260 546 2310 Pollionis
560 2262 640 2322 filius,
660 2261 728 2309 euius
746 2260 821 2308 etiam
842 2259 970 2322 Vergilius
986 2259 1105 2306 meminil'

97 2320 282 2387 Hieronymus
305 2324 346 2376 Ol.
371 2327 432 2388 128,
456 2329 472 2375 2
495 2325 534 2391 (p.
557 2328 590 2376 86
612 2325 671 2390 R.):
696 2326 731 2375 ei.
752 2325 909 2376 Macrobius
933 2322 991 2373 Sat.
1015 2324 1057 2373 111
1081 2325 1105 2372 i.

97 2389 189 2438 varies
202 2389 378 2442 ariolationes
392 2392 478 2442 tradit
491 2392 575 2446 schol.
586 2395 667 2443 Bern.
680 2394 710 2441 in
722 2391 773 2442 ecl.
782 2393 830 2445 IV.
841 2406 945 2455 argum.
959 2394 1105 2455 praeterea

99 2454 163 2504 vide
182 2455 215 2505 de
233 2456 287 2506 hac
305 2461 333 2507 et
352 2459 386 2506 de
404 2462 503 2508 octava
521 2459 620 2524 ecloga
639 2459 758 2524 prolegg.
776 2475 801 2522 p.
820 2460 835 2508 9
855 2463 882 2507 et
901 2458 941 2506 11.

164 2520 185 2582 ²)
205 2521 249 2571 Of.
269 2524 381 2573 Servius
399 2529 428 2573 et
446 2524 530 2575 schol.
549 2527 628 2576 Bern.
642 2525 678 2574 ad
697 2525 746 2574 ecl.
760 2526 786 2574 X
799 2528 828 2585 1,
849 2523 1105 2587 prolegg.p.10sq.

167 2586 188 2650 ³)
208 2590 318 2637 ‘dicitur
336 2589 429 2638 autem‘
450 2589 561 2654 (ecloga
580 2591 629 2654 VI)
649 2592 760 2654 ‘ingenti
776 2591 867 2652 fauore
886 2604 903 2637 a
924 2589 1032 2650 Virgilio
1051 2603 1106 2638 esse

99 2654 221 2711 recitata,
244 2657 310 2704 adeo
333 2662 361 2704 ut
382 2671 436 2704 cum
459 2671 512 2705 enm
534 2664 625 2719 postea
650 2657 766 2718 Cytheris
787 2657 911 2703 meretrix
932 2661 1059 2702 cantasset
1082 2658 1107 2703 in

99 2720 215 2769 tlieatro'
235 2735 258 2770 c.
272 2736 296 2784 q.
310 2735 330 2770 s.
350 2722 469 2772 absurde
487 2722 561 2787 apud
580 2723 704 2773 Servium
722 2722 757 2771 ad
776 2721 826 2770 ecl.
838 2722 878 2771 VI
892 2722 935 2783 11,
955 2719 989 2770 de
1008 2721 1106 2783 quibus

100 2787 164 2837 vide
183 2787 306 2852 prolegg.
325 2791 394 2853 Ssq.

164 2850 185 2917 ⁴)
205 2853 356 2918 Cytherida
374 2855 499 2919 eclogam
516 2860 624 2905 sextam
641 2857 670 2905 in
689 2855 799 2906 theatro
818 2853 975 2904 cantavisse
992 2869 1048 2904 non
1065 2856 1106 2904 in·

104 2920 243 2971 credibile.
267 2921 394 2972 ‘bucolica
406 2939 435 2973 eo
447 2939 563 2973 successu
576 2925 669 2979 edidit,
689 2929 715 3001 ut
728 2925 753 2972 in
765 2937 860 2971 scaena
873 2936 970 2985 quoque
987 2937 1035 2985 per·
1047 2939 1106 2972 carr-

103 2988 809 3121 ‘r‘tsteterumttritiumurs
827 2988 974 3105 sitm

98 3127 124 3170 et
141 3123 248 3185 quietum
264 3123 373 3188 Vergilii
389 3139 524 3181 secessum,
542 3126 569 3173 in
581 3139 629 3188 qua
647 3129 730 3173 tamen
747 3138 827 3187 neque
839 3123 910 3184 apud
927 3122 1006 3171 divum
1018 3123 1106 3186 Arign-

97 3195 160 3236 stum
181 3190 268 3252 gratia
290 3192 374 3240 caruit
400 3205 480 3255 neque
501 3192 572 3254 apud
590 3192 709 3253 papulum
731 3190 867 3238 Romanum
890 3189 988 3240 notitia.
1029 3196 1108 3238 testes

99 3254 209 3318 Augusti
225 3258 362 3319 epistolae,
385 3261 458 3306 lestis
475 3259 530 3320 ipse
550 3259 673 3320 populus,
697 3261 740 3321 gui
756 3255 851 3304 auditis
872 3255 898 3302 in
921 3255 1019 3305 theatro
1042 3256 1106 3304 Ver·

98 3321 154 3382 gilii
175 3323 288 3372 uersibus
304 3325 420 3373 surremit
441 3326 573 3373 uniuersus
594 3329 619 3372 et
638 3324 710 3387 forte
724 3327 887 3385 praesentem
903 3327 1107 3386 spectantemque

103 3385 240 3450 Vergilium
261 3397 395 3439 ueneratus
417 3397 456 3440 est
477 3391 515 3439 sic
537 3391 610 3454 quasi
631 3384 795 3454 Augustum',·
819 3401 888 3452 quae
912 3402 968 3438 non
990 3393 1108 3454 possunt

99 3452 153 3501 nisi
170 3453 206 3503 ad
224 3455 349 3504 bucolica
367 3456 475 3506 referri.
