2400 3878
412 208 555 256 venenu
577 208 716 257 ECLOGA
736 209 776 255 111

217 365 254 425 Ι).
284 363 340 424 dut
361 362 409 423 hic
430 363 467 423 ad
490 369 602 423 veteres
623 361 706 440 lagos
729 381 795 423 cum
816 361 975 440 Daphnidis
997 382 1106 428 arcum

218 446 330 522 fregisti
352 453 381 507 et
402 446 542 506 calamos:
571 464 646 523 quae
667 455 714 514 tu,
737 464 874 524 perverse
895 445 1036 518 Menalca,

220 538 248 590 et
270 549 337 591 cum
358 531 452 590 vidisti
473 546 566 606 puero
588 530 708 598 donata,
732 528 860 598 dolebas,

219 621 249 676 at
270 615 294 674 si
316 633 374 674 non
397 613 492 691 aliqua
515 615 678 681 nocuisses,
702 622 835 674 mortuus
858 631 944 674 esses.
1072 631 1106 681 ln

218 699 261 758 M.
284 698 359 769 Ouid
382 698 489 758 domini
511 697 631 767 iaciant,
654 697 762 757 audent
783 716 849 757 cum
871 697 937 757 talia
959 699 1060 759 iures?

219 799 277 841 non
301 797 355 857 ego
377 787 406 840 te
427 781 485 841 vidi
506 781 659 849 llamonis,
682 782 821 857 pessime,
846 799 967 858 caprum

220 867 354 942 excipere
375 865 500 933 insidiis,
523 864 646 925 multum
668 863 791 925 latrante
813 865 948 940 Lyciscat

220 955 248 1008 et
270 966 336 1008 cum
360 947 516 1009 clamarem
540 959 608 1026 ‘quo
630 966 708 1009 nunc
729 966 761 1009 se
782 949 907 1026 proripit
927 947 993 1009 illel

219 1032 332 1110 Tityre,
356 1050 428 1110 coge
450 1032 562 1111 pecust'
585 1040 617 1093 tu
639 1040 705 1109 post
727 1040 840 1094 carecta
862 1031 981 1093 latebas.
1069 1045 1107 1098 πο

219 1117 256 1175 D.
278 1116 322 1174 An
344 1117 415 1176 mihi
437 1117 579 1176 cantando
601 1118 692 1176 victus
713 1134 772 1175 non
795 1116 932 1177 redderet
952 1115 1009 1185 ille,

221 1217 307 1280 quem
329 1219 393 1261 mea
416 1201 593 1260 carminibus
614 1201 767 1262 meruisset
789 1199 882 1261 fistula
907 1201 1046 1278 caprum?

222 1285 246 1342 si
267 1285 376 1352 nescis,
399 1302 482 1344 meus
503 1282 551 1344 ille
573 1302 661 1360 caper
683 1285 751 1353 luit;
776 1291 804 1345 et
825 1285 896 1344 mihi
917 1285 1028 1345 llamon

148 1429 152 1436 ,
222 1368 285 1446 ipsc
306 1367 466 1436 fatebatur3
495 1368 547 1429 scd
560 1369 685 1429 reddere
706 1386 792 1447 posse
814 1368 948 1445 negabat.

221 1452 264 1512 M.
288 1451 436 1513 Cantando
446 1459 478 1513 tu
489 1450 587 1513 illumi
603 1462 652 1514 aut
663 1471 802 1533 umquam
813 1453 865 1513 tibi
877 1450 971 1513 fistula
983 1469 1050 1512 cera
1069 1461 1104 1517 25

221 1537 318 1597 iuncta
341 1537 410 1598 tuitt
432 1555 491 1596 non
512 1545 544 1598 tu
566 1539 595 1597 in
616 1539 721 1608 triviis,
744 1539 876 1605 indocte,
899 1535 1014 1596 solebas

222 1622 355 1681 stridenti
377 1621 515 1682 miserum
537 1621 642 1700 stipula
665 1623 836 1700 disperdere
857 1620 993 1681 carmen?

166 1771 169 1777 ,
221 1705 257 1764 D.
281 1703 329 1761 Vis
352 1721 421 1779 ergo
443 1704 519 1763 inter
540 1722 594 1763 nos
615 1705 684 1781 quid
706 1706 797 1779 possit
818 1711 941 1778 uterque
963 1701 1089 1760 vicissim

223 1785 425 1862 experiamur?
447 1802 501 1860 ego
523 1786 599 1844 lianc
620 1784 737 1844 vitulam
761 1785 807 1859 (ne
829 1784 904 1841 sorte
926 1799 1053 1848 recuses,

171 1919 173 1924 .
222 1868 268 1930 his
288 1868 365 1928 venit
386 1866 422 1926 ad
443 1864 612 1933 mulctram,
634 1864 719 1924 binos
741 1863 791 1925 alit
811 1864 904 1923 ubere
926 1863 1010 1941 letus)
1068 1875 1104 1927 30

139 2014 144 2022 ,
223 1951 353 2028 depono:
377 1957 409 2010 tu
431 1949 492 2018 dic,
515 1966 631 2009 mecum
653 1965 712 2025 quo
734 1949 856 2024 pignore
879 1952 981 2006 certes

221 2035 265 2096 M.
288 2033 330 2094 lle
352 2050 440 2111 grege
461 2049 520 2091 non
542 2033 633 2091 ausim
655 2033 811 2109 quicquam
826 2029 973 2106 deponere
987 2035 1102 2091 tecum:

224 2124 267 2178 est
288 2117 358 2176 mihi
380 2134 505 2192 namque
527 2116 605 2174 domi
626 2122 723 2191 pater,
752 2123 795 2174 est
816 2115 919 2174 iniusta
942 2131 1081 2182 noverca;

222 2200 325 2277 bisque
346 2200 393 2258 die
414 2206 570 2260 numerant
590 2198 676 2258 ambo
702 2216 807 2276 pecus,
837 2197 910 2257 alter
933 2204 961 2257 ct
982 2196 1102 2258 haedos.
1128 2231 1136 2238 -

223 2301 340 2351 verum,
363 2283 392 2343 id
415 2283 492 2361 quod
513 2281 605 2343 multo
626 2289 689 2343 tute
710 2284 773 2360 ipse
794 2281 924 2341 fatebere
946 2283 1047 2350 maius,
1069 2293 1104 2346 35

224 2366 360 2445 (insanire
382 2366 451 2428 libet
473 2369 610 2446 quoniam
631 2365 691 2444 tihi)
715 2364 819 2442 pocula
841 2382 947 2442 ponam

224 2449 335 2529 fagina,
359 2449 501 2511 caelatum
524 2452 610 2511 divini
631 2468 705 2528 opus
726 2449 950 2510 Alcimedontis:

223 2534 301 2596 lenta
324 2534 429 2613 quihus
450 2542 535 2596 torno
557 2533 633 2595 iacili
654 2552 743 2612 super
765 2534 861 2594 addita
883 2532 946 2592 vitis

225 2620 344 2681 dillusos
366 2620 453 2680 edera
474 2620 559 2680 vestit
578 2617 704 2698 pallente
726 2617 889 2698 corymbos.

225 2705 255 2765 in
277 2703 372 2764 medio
395 2704 452 2765 duo
473 2706 569 2780 signa,
593 2703 692 2763 Conon
715 2710 744 2762 et
761 2737 795 2746 —
814 2702 877 2779 quis
893 2701 945 2762 fuit
962 2699 1043 2769 alter,
1072 2710 1109 2763 40

226 2787 379 2861 descripsit
399 2778 481 2845 radio
503 2794 595 2845 totum
618 2787 666 2862 qui
687 2784 821 2861 gentihus
842 2784 953 2853 orbern,

225 2877 357 2946 tempora
380 2886 453 2945 quae
474 2886 601 2935 messor,
624 2886 699 2945 quae
721 2885 824 2927 curvos
846 2875 944 2927 arator
965 2866 1108 2928 haberat

225 2953 351 3014 necdum
372 2950 428 3010 illis
449 2949 530 3011 labra
552 2951 681 3021 admovi,
704 2952 756 3013 sed
771 2951 1000 3022 conditaservo.

225 3039 262 3098 Ι).
286 3036 323 3095 Et
344 3035 428 3094 nohis
449 3036 526 3096 idem
548 3034 716 3096 Alcimedon
739 3036 797 3096 duo
819 3034 923 3113 pocula
945 3035 1021 3101 iecit,

227 3125 257 3181 et
278 3118 357 3178 molli
379 3119 490 3180 circum
512 3127 555 3180 est
576 3138 660 3180 ansas
681 3119 832 3197 amplexus
854 3118 986 3185 acantho,
1072 3126 1129 3181 45·

227 3202 404 3282 Orpheaque
424 3204 454 3263 in
476 3205 572 3265 medio
594 3205 690 3282 posuit
711 3203 853 3282 silvasque
875 3199 1038 3279 sequentis;

227 3287 352 3349 necdum
374 3288 429 3348 illis
451 3286 533 3349 labra
555 3289 682 3356 admovi,
705 3287 757 3347 sed
771 3287 885 3346 condita
907 3301 1006 3343 servo:

206 3403 209 3412 ·
229 3373 253 3432 si
273 3372 309 3433 ad
325 3372 441 3433 vitulam
463 3383 591 3451 spectas,
614 3370 685 3431 nihil
707 3377 750 3430 est
771 3369 849 3447 quod
870 3365 975 3444 pocula
997 3365 1100 3428 laudes

224 3452 1108 3536 M.Numquamhodieeffugies;veniamquocumquevocaris.
