2454 3936
139 221 197 282 182
486 231 627 280 vacetur
642 232 767 280 munis
786 239 807 281 v

133 388 268 450 aetheriis
286 389 433 465 fixamque
452 387 545 449 refert
566 385 682 465 delapsa
705 389 847 463 sagittam.

133 474 236 532 amissa
260 472 338 532 solus
360 470 456 549 palma
478 469 635 549 superabat
654 472 788 538 Acestes3

133 558 182 633 qui
205 565 302 616 umen
326 556 419 616 aerias
441 554 531 616 telum
554 554 695 614 contorsit
712 554 742 613 iu
765 572 867 632 auras,

133 647 280 700 ostentans
301 649 452 718 artemque
473 644 557 716 pater
579 654 739 714 arcumque
760 644 921 698 sonantem.

132 722 181 783 hic
203 721 294 783 oculis
313 722 442 783 subitum
464 720 589 782 obicitur
607 737 773 798 magnoque
793 721 924 782 iuturum

133 808 255 882 augurio
277 813 459 867 monstrum:
489 805 587 866 docuit
608 812 674 882 post
696 805 790 866 exitus
811 805 915 881 ingens

133 907 256 967 seraque
278 890 397 950 terrifici
421 890 591 949 cecinerunt
612 889 709 948 omina
734 897 822 948 vates.

132 990 258 1049 namque
282 972 380 1033 volans
400 972 515 1050 liquidis
537 973 567 1031 in
589 971 716 1032 nubibus
733 973 804 1032 arsit
825 970 959 1031 harundo

132 1056 312 1133 signavitque
335 1056 409 1116 viam
430 1056 554 1116 [lammis
573 1057 727 1134 tenuisque
748 1056 869 1116 recessit

132 1140 351 1215 consumptam
374 1148 488 1208 ventos,
512 1138 591 1200 caelo
611 1158 666 1200 ceu
687 1157 775 1217 saepe
795 1139 886 1199 refixa

132 1228 338 1282 transcurrunt
360 1223 530 1300 crinemque
551 1223 674 1283 volantia
695 1224 791 1284 sidera
813 1223 932 1283 ducunt.

131 1306 259 1365 attonitis
284 1305 406 1367 haesere
428 1308 531 1373 animis
551 1325 735 1385 superosque
756 1307 867 1389 precati

130 1388 274 1449 Trinacrii
292 1389 457 1469 Teucrique
479 1391 549 1462 viri,
568 1409 623 1451 nec
642 1391 785 1451 maximus
809 1407 895 1450 omen

131 1472 231 1533 abnuit
250 1475 377 1543 Aeneas,
402 1473 453 1534 sed
467 1475 574 1536 laetum
593 1476 745 1552 amplexus
766 1475 891 1534 Acesten

131 1555 303 1618 muneribus
326 1558 455 1619 cumulat
476 1558 589 1636 magnis
610 1577 643 1619 ac
666 1558 732 1618 talia
750 1557 842 1618 latur:

131 1648 244 1711 ‘sume,
266 1649 365 1718 pater;
388 1661 456 1703 nam
479 1651 508 1703 te
529 1642 618 1701 voluit
638 1661 691 1703 rer
710 1657 833 1719 magnus
855 1637 968 1717 Olympi

130 1722 235 1784 talibus
258 1725 393 1803 auspiciis
416 1734 560 1787 exsortem
584 1725 691 1787 ducere
713 1725 848 1784 honores.

130 1807 221 1883 ipsius
241 1808 384 1869 Anchisae
405 1807 537 1885 longaevi
560 1807 617 1868 hoc
638 1825 745 1868 munus
766 1806 903 1875 habebis,

131 1899 244 1950 cratera
267 1892 433 1968 inpressum
454 1891 558 1966 signis,
585 1909 671 1968 quem
694 1890 836 1950 Thracius
858 1888 926 1949 olim

130 1973 273 2034 Anchisae
295 1975 420 2048 genitori
441 1975 470 2033 in
493 1991 598 2051 magno
621 1992 743 2034 munere
760 1972 875 2032 Cisseus

133 2055 209 2117 ierrc
231 2058 275 2118 sui
298 2055 418 2117 dederat
438 2059 652 2117 monimentum
675 2066 703 2117 ct
719 2057 826 2134 pignus
844 2052 972 2115 amoris!

131 2142 172 2200 sic
199 2141 273 2201 fatus
297 2140 385 2217 cingit
405 2139 540 2201 viridanti
562 2148 694 2216 tempora
715 2138 798 2200 lauro

129 2232 158 2284 et
178 2226 306 2300 primum
330 2231 396 2285 ante
418 2225 512 2285 omnis
532 2224 671 2283 victorem
694 2221 820 2302 appellat
839 2225 972 2284 Acesten.

129 2325 184 2367 nec
206 2307 300 2368 bonus
316 2307 455 2387 Eurytion
473 2306 604 2386 praelato
624 2307 724 2367 invidit
745 2306 873 2376 honore,

130 2392 259 2470 quamvis
279 2389 359 2452 solus
381 2410 462 2452 avem
482 2392 563 2453 caelo
586 2391 690 2452 deiecit
711 2390 748 2450 ab
771 2389 838 2450 alto.

129 2477 279 2552 proximus
300 2476 463 2553 ingreditur
483 2477 567 2538 donis
589 2477 639 2555 qui
657 2474 771 2536 vincula
792 2475 885 2554 rupit,

45 2586 48 2591 ¹
129 2566 277 2633 extremus
298 2559 410 2621 volucri
433 2563 482 2640 qui
504 2562 566 2622 lixit
586 2560 750 2622 harundine
772 2558 890 2618 malum.

172 2647 208 2702 At
227 2652 308 2720 pater
327 2646 442 2705 Aeneas
463 2646 595 2707 nondum
619 2646 777 2705 certamine
799 2644 887 2702 muso

129 2726 278 2787 custodem
297 2728 334 2788 ad
354 2746 419 2789 sese
437 2733 631 2807 comitemque
652 2727 769 2805 inpubis
787 2725 841 2786 luli

128 2808 269 2887 Epytiden
293 2820 392 2880 vocat,
412 2821 440 2871 et
458 2813 546 2872 fidam
568 2813 610 2872 sic
632 2812 709 2871 latur
731 2809 767 2870 ad
786 2825 901 2869 aurem:

129 2893 217 2951 ‘vade
240 2909 293 2969 age
316 2901 344 2953 et
364 2896 502 2964 Ascanio,
525 2896 549 2953 si
569 2895 627 2954 iam
648 2892 761 2970 puerile
783 2899 918 2968 paratum

128 2993 232 3052 agmen
255 2975 344 3036 hahet
365 2995 465 3036 secum
487 2994 649 3054 cursusque
666 2977 804 3036 instruxit
825 2990 984 3050 equorum,

128 3059 214 3119 ducat
236 3076 289 3119 avo
314 3070 424 3120 turmas
447 3068 476 3120 ct
494 3078 558 3120 sese
580 3060 713 3120 ostendat
734 3061 763 3118 in
783 3058 887 3124 armis,

128 3141 191 3201 dic'
211 3144 258 3203 ait
303 3145 365 3220 ipse
388 3161 503 3204 omnam
524 3143 612 3219 longo
633 3142 783 3203 discedere
801 3142 880 3201 circo

126 3225 254 3287 infusum
278 3227 418 3304 populum
442 3236 471 3288 et
493 3245 611 3305 campos
634 3226 715 3287 iubet
736 3245 801 3288 esse
822 3225 955 3304 patentis.

127 3310 266 3371 incedunt
286 3314 387 3390 pueri,
409 3315 577 3391 pariterque
600 3321 666 3372 ante
689 3329 740 3371 ora
761 3317 916 3389 parentum

128 3392 248 3456 frenatis
270 3395 369 3457 lucent
389 3398 419 3457 in
442 3397 537 3476 equis,
561 3414 634 3474 quos
652 3397 746 3455 omnis
767 3394 861 3456 euntis

128 3475 297 3543 Trinacriae
317 3484 421 3543 mirata
442 3482 542 3543 fremit
556 3481 719 3562 Troiaeque
740 3481 884 3542 iuuentus.
