2400 3878
460 210 674 259 curatrices.

345 571 797 656 OATALEOTA.

559 769 579 826 l⁴

62 882 143 943 helia
164 901 251 962 saepe
275 883 327 943 tibi
350 886 435 943 venit.
459 884 525 953 sed,
550 885 662 954 Tucca,
686 886 784 946 videre

104 985 164 1026 non
186 965 268 1028 licet:
292 967 434 1029 occulitur
456 967 558 1028 limine
580 968 679 1029 clausa
701 970 764 1030 viri.

62 1050 143 1111 Deha
164 1069 251 1130 saepe
274 1051 342 1120 tihi,
365 1070 425 1111 non
449 1055 527 1112 venit
549 1053 644 1113 adhuc
666 1052 752 1113 mihi:
776 1073 903 1135 namque

102 1136 127 1195 si
149 1135 306 1205 occulitur,
330 1135 417 1213 longe
440 1146 484 1196 est
506 1146 626 1214 tangere
649 1138 727 1216 quod
750 1156 888 1219 nequeas.

64 1222 188 1279 venerit:
211 1220 316 1280 audivi.
340 1220 391 1279 sed
414 1222 472 1281 iarn
494 1222 567 1281 mihi
588 1223 708 1281 nuntius
729 1223 784 1283 iste

103 1304 172 1382 quid
194 1304 332 1381 prodest!
355 1303 398 1363 illi
419 1305 520 1373 dicite,
545 1308 613 1383 quoi
634 1306 734 1369 rediit!

549 1471 584 1530 ll.

103 1570 322 1631 Corinthiorum
345 1578 457 1630 amator
479 1573 534 1630 iste
556 1570 722 1637 verborum,

61 1654 245 1732 Thucydides
267 1655 437 1720 Britannus,
460 1656 571 1713 Atticae
590 1653 690 1721 febris,

61 1747 109 1797 tau
132 1736 288 1808 Galhcum,
311 1739 386 1807 urin,
410 1736 451 1806 al,
474 1737 510 1797 sil
532 1746 564 1797 ut
584 1737 661 1797 male
684 1737 768 1808 elisit,

60 1823 98 1880 ita
122 1823 219 1881 omnia
240 1823 295 1882 ista
318 1821 406 1881 rerba
427 1822 544 1881 miscuit
565 1822 658 1882 fratri.

540 1990 588 2049 111.

102 2089 205 2159 Socer,
230 2089 314 2149 beate
338 2108 392 2149 nec
415 2090 467 2150 tibi
489 2109 544 2150 nec
567 2090 658 2158 alteri,

59 2191 207 2251 generque
230 2173 389 2242 Noctuine,
413 2175 546 2253 putidum
569 2185 663 2253 caput,

59 2264 147 2316 tuone
170 2274 249 2315 nunc
271 2256 366 2334 puella
392 2256 469 2325 talis,
494 2259 520 2317 61
543 2268 592 2318 tuo

58 2348 177 2415 stupore
198 2356 300 2415 pressa
323 2357 373 2398 rus
396 2339 505 2399 abibit!
528 2343 555 2400 ei
577 2342 656 2410 mihi,

58 2429 89 2479 ut
109 2420 158 2480 ille
181 2437 281 2479 versus
304 2440 510 2499 usquequaque
531 2424 660 2498 pertinet

59 2508 167 2579 ‘gener
189 2521 345 2581 socerque,
369 2504 536 2581 perdidistis
559 2504 682 2564 omnial'

532 2661 593 2720 llll.

99 2767 232 2846 Superbe
254 2769 410 2838 Noctuine,
434 2771 568 2846 putidum
591 2759 685 2847 caput,

57 2851 141 2912 datur
165 2851 216 2911 tihi
238 2851 352 2931 pucha,
374 2870 461 2932 quarn
482 2854 573 2931 petis,
597 2853 696 2920 datur;

57 2935 154 3007 datur,
178 2937 305 3016 superbe
327 2937 485 3008 Noctuine,
509 2956 596 3016 quam
618 2938 703 3016 petis.

55 3020 121 3087 sed,
145 3039 162 3079 o
185 3022 311 3100 superbe
334 3022 496 3092 Noctuine,
519 3040 579 3081 non
602 3021 683 3082 vides

56 3103 127 3162 duas
150 3103 259 3165 hahere
282 3105 354 3166 hlias
376 3105 504 3177 Atilium,

56 3186 139 3253 duas,
165 3196 193 3245 et
215 3188 290 3247 hanc
313 3197 342 3248 et
364 3190 501 3259 alteram,
524 3189 577 3254 tibi
599 3189 671 3248 dari.

55 3271 153 3329 adeste
176 3289 269 3337 nunc,
294 3272 407 3332 adeste:
432 3274 512 3333 ducit
534 3276 575 3344 (ut
598 3272 705 3348 decetl)

54 3354 198 3433 superbus
221 3372 289 3413 ecce
311 3356 472 3416 Noctuinus
495 3357 638 3417 hirneam.

55 3438 204 3498 thalassio!
230 3436 382 3499 thalassio!
405 3440 557 3500 thalassio!
