2400 3878
388 221 532 270 vnnoml
547 221 671 270 annuis
688 223 725 269 1x

57 374 186 437 balatum
208 382 354 445 exercent,
377 373 426 436 ille
447 392 532 453 asper
555 381 584 436 et
605 375 756 454 improbus
778 378 821 437 ira

57 461 146 520 saevit
166 461 197 518 in
218 458 355 529 absentis,
378 457 500 520 collecta
523 458 623 537 fatigat
644 459 749 521 edendi

57 561 94 604 ex
114 542 201 621 longo
223 542 319 604 rabies
338 550 367 604 et
386 543 482 603 siccae
502 543 643 620 sanguine
667 543 791 621 lauces):

58 626 137 686 baud
156 625 239 687 aliter
256 624 364 687 Rutulo
385 644 488 687 muros
509 631 537 687 et
554 634 649 687 castra
670 629 760 687 tuenti

58 710 211 786 ignescunt
231 711 303 778 irae,
327 710 408 771 duris
432 708 516 770 dolor
535 708 648 770 ossibus
671 711 762 771 ardet.

58 811 115 871 qua
137 798 258 872 temptet
273 793 385 855 ratione
408 793 502 854 aditus
523 800 552 854 et
573 795 676 872 quavi
697 793 809 855 clausos

58 877 184 937 excutiat
203 877 334 938 Teucros
356 876 429 938 vallo
451 883 538 956 atque
559 878 738 938 effundat-ln
755 879 883 956 aequori

59 959 190 1031 classem,
213 978 287 1038 qnae
307 959 392 1022 lateri
413 968 577 1022 castrorum
599 960 735 1023 adiuncta
755 961 871 1032 latebat,

61 1042 215 1119 aggeribus
236 1051 366 1122 saeptam
386 1046 496 1106 circum
516 1052 544 1106 et
565 1043 728 1107 fluvialibus
750 1048 845 1116 undis,

59 1126 165 1186 invadit
186 1129 340 1206 sociosque
360 1129 493 1191 incendia
511 1131 605 1208 poscit
624 1131 734 1191 orantis

60 1216 147 1288 atque
164 1229 282 1273 manum
303 1213 376 1292 pinu
395 1213 529 1292 flagranti
550 1213 679 1276 fervidus
702 1214 810 1294 implet.

60 1295 118 1354 ‘sic
139 1312 199 1366 ros,
221 1313 238 1355 o
260 1295 336 1368 lecti,
358 1297 436 1358 ferro
459 1299 508 1375 qui
528 1298 663 1360 scindere
685 1297 792 1360 rabum

60 1387 181 1457 apparat
202 1386 231 1440 et
249 1398 364 1441 mecum
385 1380 493 1442 invadit
515 1382 688 1461 trepidantia
712 1383 826 1442 castra)

60 1468 121 1522 tum
142 1479 210 1523 uero
233 1463 404 1524 incumbunt
427 1465 522 1542 (urget
542 1465 707 1542 praesentia
728 1465 840 1542 Turni),

60 1551 146 1625 atque
166 1547 260 1606 omnis
280 1545 392 1607 lacibus
413 1545 506 1624 pubes
525 1548 686 1625 accmgitur
706 1549 786 1607 atris.

61 1629 208 1709 diripuere
226 1630 323 1699 locos;
345 1630 460 1708 piceum
478 1630 534 1690 lert
554 1630 664 1691 iumida
685 1629 784 1692 lumen

61 1712 144 1774 taeda
166 1721 195 1775 et
216 1713 402 1775 commixtam
422 1711 568 1775 Volcanus
589 1714 626 1773 ad
647 1721 725 1774 astra
747 1711 881 1775 favillam.

104 1795 173 1866 (luis
194 1799 276 1867 deus,
299 1816 317 1858 o
340 1815 449 1868 musae,
475 1805 533 1859 tam
554 1815 639 1858 saeva
658 1798 791 1860 incendia
814 1797 936 1859 Teucris

61 1881 181 1941 avertit?
203 1888 298 1943 tantos
320 1881 433 1944 ratibus
456 1883 520 1961 quis
542 1880 652 1960 depulit
674 1883 776 1960 ignes?

44 1963 156 2024 dicite.
189 1967 284 2043 prisca
305 1966 377 2028 fides
400 1965 486 2036 iacto,
509 1965 560 2028 sed
575 1966 649 2027 lama
673 1967 821 2046 perennis.

62 2054 194 2126 tempore
216 2067 273 2128 qno
296 2051 424 2127 primum
446 2050 570 2129 Phrygia
592 2049 736 2123 formabat
757 2051 788 2110 in
808 2050 857 2112 lda

61 2131 173 2192 deneas
194 2130 316 2194 classem
341 2140 369 2194 et
391 2132 486 2213 pelagi
504 2143 605 2212 petere
627 2134 684 2194 alta
703 2133 835 2212 parabat,

63 2217 125 2294 ipsa
149 2214 237 2277 deum
254 2217 347 2278 tertur
369 2219 503 2296 genetrix
524 2218 695 2296 Berecyntia
715 2233 854 2294 magnum

61 2298 180 2359 vocibus
201 2299 246 2360 bis
266 2300 362 2360 adlata
381 2301 495 2362 lovem:
519 2300 581 2370 ‘da‚
606 2308 700 2379 gnate,
721 2302 840 2378 petenti,

63 2381 882 2544 llll?,bllll¹¹t,ltl¹titltzl,llll

63 2546 148 2608 lucus
168 2548 198 2607 in
221 2565 289 2608 arce
306 2549 359 2608 luit
378 2565 501 2612 srunura,
525 2563 583 2624 quo
605 2564 688 2607 sacra
711 2546 854 2616 terebant,

64 2631 189 2709 nigranti
209 2631 292 2709 picea
309 2629 501 2706 trabibusque
522 2630 666 2690 obscurus
686 2631 817 2690 acernis:

65 2714 116 2774 bas
139 2730 192 2791 ego
214 2713 359 2775 Dardanio
380 2713 485 2783 inveni,
509 2730 577 2773 cum
600 2712 699 2774 classis
722 2722 829 2792 egeret,

65 2798 139 2858 laeta
160 2798 241 2864 dedi:
265 2815 344 2859 nnnc
365 2794 516 2859 sollicitam
535 2799 622 2857 timor
641 2798 742 2858 anxius
763 2797 852 2874 angit.

64 2880 142 2942 solve
163 2890 257 2943 metus
280 2889 366 2958 atque
388 2881 445 2942 boc
466 2881 604 2959 precibus
624 2882 687 2942 sine
708 2898 795 2960 posse
814 2888 982 2960 parentem:

64 2982 102 3025 ne
125 2983 213 3027 cursu
235 2972 387 3045 quassatae
408 2963 468 3026 ullo
487 2983 545 3027 neu
567 2963 685 3026 turbine
708 2967 784 3026 venti

64 3050 224 3120 vincantur,
243 3052 336 3128 prosit
355 3051 464 3111 nostris
485 3050 515 3110 in
536 3049 684 3111 montibus
705 3048 804 3109 ortas'

64 3130 140 3193 tilius
161 3132 230 3194 huic
250 3142 360 3203 contra,
381 3141 499 3210 torquet
521 3136 570 3213 qui
592 3135 687 3195 sidera
707 3133 822 3193 mundi:

66 3225 99 3273 ‘o
118 3218 258 3293 genetrix,
281 3234 340 3296 qno
362 3218 420 3278 fata
441 3217 545 3278 vocasi
564 3224 612 3279 aut
634 3217 704 3296 quid
726 3219 800 3295 petis
820 3216 899 3277 istisi

65 3299 218 3361 mortaline
240 3318 328 3361 mann
349 3302 442 3362 iactae
462 3300 616 3362 inmortale
638 3301 755 3360 carinae

66 3381 109 3441 las
129 3382 257 3444 babeant
278 3390 435 3461 certusque
453 3384 564 3445 ineerta
587 3383 718 3462 pericula
739 3382 844 3443 lustret

67 3467 194 3527 deneasl
215 3469 261 3527 cui
286 3474 365 3529 tanta
387 3467 441 3528 deo
462 3469 603 3547 permissa
622 3466 768 3546 potestas?
