2400 3878
424 200 567 248 vanem
589 199 727 248 ECLOGA
750 201 773 246 X

217 368 249 418 tu
270 355 374 435 procul
397 375 413 415 a
436 357 529 433 patria
552 355 615 434 (nec
637 356 674 414 sit
695 355 765 414 mihi
788 355 907 415 credere
930 365 1046 416 tantum

223 523 342 602 Alpinas
364 541 379 582 a
403 523 477 582 dura
499 523 579 581 nives
601 531 630 582 et
651 523 760 599 frigora
781 521 875 580 Rheni

221 627 268 669 me
290 609 352 666 sine
374 605 437 666 sola
460 605 546 665 vides.
584 624 615 675 a,
638 615 666 664 te
688 624 725 665 ne
747 605 856 682 frigora
878 604 1008 665 laedant!

220 711 250 760 a,
275 691 326 750 tibi
348 708 385 750 ne
407 696 523 749 teneras
545 687 652 766 glacies
674 697 753 748 secet
776 706 879 766 aspera
899 688 1027 766 plantas!

218 775 266 835 ibo
289 784 318 835 et
340 773 504 834 Calchidico
527 791 602 850 quae
623 780 691 832 sunt
711 772 783 832 mihi
804 772 920 832 condita
941 791 1030 833 versu
1075 786 1114 837 50

220 859 348 919 carmina
370 857 496 934 pastoris
518 855 606 916 Siculi
627 855 801 916 modulabor
823 874 920 915 avena.

130 964 136 976 ·
221 950 334 1002 certum
356 942 452 1001 estin
474 939 552 999 silvis
573 941 649 999 inter
671 939 787 1017 spelaea
809 938 938 1000 ferarum

220 1025 306 1084 malle
328 1025 387 1101 pati
410 1025 579 1102 tenerisque
601 1042 683 1084 meos
703 1024 833 1083 incidere
854 1039 970 1082 amores

220 1107 389 1168 arboribus:
415 1116 548 1169 crescent
569 1106 648 1177 illae,
672 1108 809 1167 crescatis
831 1124 954 1166 amores.

221 1193 333 1251 interea
356 1192 453 1250 mixtis
474 1191 605 1251 lustrabo
627 1190 756 1251 Maenala
777 1191 921 1269 nymphis,
1073 1203 1111 1254 55

222 1284 271 1336 aut
294 1276 369 1334 acris
391 1274 520 1334 venabor
543 1293 638 1340 euros.
673 1293 732 1333 non
754 1293 802 1334 me
824 1273 882 1333 ulla
904 1273 1043 1333 vetabunt

223 1360 330 1437 frigora
351 1358 524 1419 Parthenios
547 1358 667 1419 canibus
691 1359 873 1418 circumdare
895 1357 992 1417 saltus.

220 1443 278 1502 iam
299 1442 370 1501 mihi
391 1460 445 1520 per
466 1460 555 1520 rupes
578 1443 676 1504 videor
697 1441 837 1520 lucosque
859 1441 986 1501 sonantis

222 1528 279 1596 ire,
302 1526 373 1586 libet
393 1527 502 1587 Partho
524 1534 663 1605 torquere
686 1526 811 1605 Cydonia
834 1543 926 1585 cornu

117 1601 123 1616 '
222 1609 340 1688 spicula.
373 1620 520 1688 tamquam
535 1611 607 1671 haec
622 1612 659 1669 sit
673 1611 765 1669 nostri
779 1609 922 1669 medicina
937 1607 1046 1666 furoris
1074 1617 1111 1672 60

222 1700 272 1752 aut
293 1693 366 1751 deus
387 1693 435 1751 ille
457 1693 539 1751 maha
560 1693 712 1751 hominum
733 1694 887 1750 mitescere
908 1691 1007 1748 discat.

131 1795 138 1809 ·
221 1777 278 1834 iam
301 1793 398 1851 neque
419 1775 627 1850 hamadryades
648 1791 750 1832 rusum
765 1791 860 1850 neque
876 1771 1002 1831 carmina
1020 1773 1109 1834 nobis

222 1859 284 1934 ipsa
307 1857 437 1933 placent;
461 1857 540 1932 ipsae
562 1873 665 1915 rursus
688 1855 837 1915 concedite
859 1855 953 1913 silvae.

222 1958 281 1999 non
303 1939 385 1998 illum
407 1940 499 1997 nostri
520 1947 643 2015 possunt
664 1946 777 1999 mutare
799 1936 930 1998 labores:

133 2038 138 2049 ·
223 2042 278 2084 nec
299 2021 504 2100 si'frigoribus
525 2023 628 2082 mediis
649 2021 840 2101 Hebrumque
861 2021 996 2082 bibamus
1073 2032 1107 2086 65

223 2108 427 2185 Sithoniasque
448 2106 528 2165 nives
549 2106 652 2166 hiemis
674 2106 831 2166 subeamus
853 2123 988 2185 aquosae,

223 2210 278 2252 nec
301 2193 338 2260 si,
363 2208 430 2250 cum
452 2191 581 2248 moriens
603 2190 660 2249 alta
680 2189 757 2250 liber
779 2192 893 2250 aretin
915 2188 1004 2257 ulmo,

223 2276 398 2354 Aethiopum
421 2291 570 2333 versemus
592 2273 653 2332 ovis
674 2273 728 2333 sub
752 2274 847 2334 sidere
870 2273 976 2334 cancri.

225 2360 321 2418 omnia
344 2358 430 2418 vincit
450 2359 556 2417 Amor:
580 2366 609 2416 et
629 2375 684 2416 nos
707 2358 845 2418 cedamus
866 2354 984 2416 Amori!

269 2443 348 2502 llaec
362 2448 406 2500 sat
421 2442 490 2511 erit,
507 2441 603 2511 divae,
621 2449 749 2502 restrum
765 2442 905 2502 cecinisse
922 2446 1047 2518 poetam,
1071 2449 1108 2505 70

225 2528 295 2587 duni
316 2527 398 2587 sedet
420 2532 448 2585 et
470 2525 571 2603 gracili
591 2525 729 2586 fiscellam
745 2528 815 2586 texit
830 2526 950 2594 hibisco,

224 2612 371 2672 Pierides:
396 2627 444 2669 vos
465 2610 539 2669 haec
560 2609 670 2670 facietis
691 2611 817 2669 maxima
840 2608 930 2677 Gallo,

230 2695 326 2765 Gallo,
351 2695 432 2755 cuius
454 2711 537 2752 amor
560 2701 671 2752 tantum
693 2694 764 2753 mihi
787 2694 892 2752 crescit
912 2693 943 2750 in
965 2692 1062 2759 horas,

227 2786 369 2854 quantum
392 2794 460 2835 vere
481 2793 556 2832 novo
579 2776 677 2833 viridis
698 2793 731 2834 se
752 2775 857 2833 subicit
878 2773 969 2833 alnus.

230 2876 393 2935 surgamus.
430 2855 503 2915 solet
526 2873 590 2915 esse
611 2856 706 2932 gravis
730 2855 911 2915 cantantibus
933 2854 1047 2924 umbra,
1070 2867 1107 2921 75

225 2942 350 3019 iuniperi
372 2939 466 3016 gravis
488 2937 607 3007 umbra,
635 2946 743 2996 nocent
764 2944 793 2997 et
815 2937 948 3015 frugibus
970 2937 1096 3001 umbrae

226 3025 264 3084 ite
287 3024 407 3084 domum
429 3028 556 3090 saturae,
580 3022 656 3080 venit
677 3020 839 3098 hesperus,
862 3024 902 3082 ite
924 3022 1060 3101 capellae.

552 3219 697 3231 -u—
