2400 3878
128 251 204 298 xxti
431 249 478 296 nit
502 250 583 298 VITA
604 252 649 299 Itu
671 249 823 300 scutrum

127 426 186 472 cos,
208 406 317 464 Romam
337 409 436 465 iterum
451 424 481 463 se
496 409 623 473 eontulit,
645 409 771 472 consilio.
793 411 816 464 si
832 425 893 465 vera
912 410 1056 466 scholiasta
1074 412 1126 468 ller

126 493 215 547 nensis
233 491 328 553 tradit.
345 491 460 549 Cornelii
476 491 543 548 Galli
559 502 586 549 et
607 493 685 549 llacri
701 492 807 548 adiutus
817 486 848 565 ¹).
877 492 1003 567 legerunt
1024 494 1139 570 elegant

126 575 258 630 tissimum
279 592 385 633 carmen
406 578 464 632 sine
485 575 565 633 dubio
581 577 741 634 Maecenas
764 585 792 632 et
807 576 930 648 Caesar,
954 594 1069 650 quorum
1090 581 1136 636 ill-

127 659 244 731 quamvis
259 659 378 715 nondum
394 668 467 716 tanta
482 659 660 717 familiaritate
670 660 816 734 Vergilium
827 661 963 735 amplexus
978 663 1138 736 impetravie

126 758 140 795 a
154 743 291 815 principe,
308 751 337 797 ut
352 743 410 798 aliis
426 745 453 798 ni
468 743 548 799 iallor
561 745 677 816 praediis
692 744 731 800 illi
747 743 852 799 donatis
867 746 937 800 vitae
952 753 978 800 et
994 747 1137 803 securitati

124 834 221 897 linetae
235 825 432 882 consuleretur.
463 843 542 899 quem
558 845 591 884 ne
606 836 714 900 optasse
729 828 835 900 quidem
851 827 987 901 probabile
1002 837 1044 884 est
1059 832 1137 887 utin

125 909 259 980 rapacium
280 910 464 982 atrociumque
490 911 605 966 militum
625 913 720 966 vicinia
739 911 816 966 novis
843 912 969 984 periculis
993 914 1136 985 expositus

125 983 282 1062 maneret2).
323 994 380 1048 sire
405 1002 493 1049 autem
519 994 622 1068 aliquae
647 995 707 1048 Vari
733 1010 842 1068 quaque
869 997 896 1050 in
921 995 1135 1053 commendando

125 1075 292 1147 imperatoris
309 1075 521 1149 magnificentiae
540 1087 621 1152 poeta
640 1085 730 1150 partes
751 1077 858 1132 inerant
873 1080 930 1133 sive
946 1082 1044 1136 veteris
1061 1082 1135 1135 eius·

125 1173 177 1230 que
197 1159 331 1230 potentis,
359 1176 518 1233 quamquam
538 1162 632 1216 inertis
653 1161 729 1215 amici
751 1160 868 1215 savorem
888 1161 976 1217 naluit
996 1163 1135 1236 Vergilius

124 1239 203 1313 plane
218 1242 352 1306 amittere,
375 1259 435 1298 cum
455 1242 547 1298 laudes
563 1245 620 1299 eius
641 1243 749 1298 heroico
765 1245 880 1298 carmine
895 1244 1046 1299 celebrandi
1067 1262 1135 1303 con·

124 1323 213 1381 silium
228 1323 398 1399 deposuisset
413 1325 474 1400 (ecl.
488 1326 520 1381 Vl
535 1326 645 1400 2sqq.),
661 1343 759 1382 nomen
775 1334 862 1382 tamen
878 1327 940 1383 Vari
953 1330 1130 1402 praescripsit

125 1408 235 1482 eclogae
254 1416 371 1481 secatae,
401 1427 453 1484 qun
473 1409 555 1466 Sileni
583 1426 699 1483 persona
719 1427 784 1465 usus
805 1419 833 1465 et
853 1409 958 1466 Sironis
979 1416 1132 1469 communis

125 1493 245 1565 magistri
264 1509 373 1550 suavem
393 1495 546 1550 memoriam
567 1497 592 1550 ei
612 1494 699 1567 lepide
718 1500 857 1550 revocaret
879 1503 907 1552 et
927 1493 1042 1552 Cornelii
1064 1496 1131 1552 Galli

123 1585 220 1647 poetae
236 1583 293 1632 tum
308 1577 607 1652 elegiarumsclarissimi
627 1578 766 1652 ingenium
782 1577 900 1635 divinum
915 1588 1088 1635 veneraretur
1095 1574 1129 1652 3).

124 1659 216 1714 Asinio
243 1675 307 1715 vero
336 1660 452 1717 Pollioni
479 1661 578 1734 duplici
606 1669 729 1735 poemate
758 1664 856 1735 gratias
886 1663 1004 1718 rettulit:
1034 1662 1131 1736 ecloga

124 1749 245 1813 quarta,
269 1759 321 1815 qua
335 1743 470 1800 saeculum
485 1761 596 1800 aureum
611 1745 730 1801 consulis
750 1746 833 1818 patris
849 1753 876 1800 et
891 1744 952 1808 lilii,
974 1747 1020 1818 qui
1034 1754 1130 1818 postea

124 1823 151 1879 C.
167 1825 275 1880 Asinius
297 1825 387 1882 Gallus
409 1826 552 1883 Saloninus
573 1828 723 1902 appellatus
744 1834 798 1888 est,
820 1828 953 1883 nascentis
975 1842 1044 1882 anno
1067 1828 1129 1884 714

189 2036 213 2102 ¹)
233 2041 306 2088 ‘laiac
322 2040 423 2091 Romam
438 2043 537 2105 pergit,
556 2048 581 2091 et
599 2040 731 2091 Cornelius
743 2047 818 2104 atque
836 2039 929 2090 Macer
945 2040 985 2089 illi
1000 2041 1127 2091 masiliam

123 2102 198 2156 dant‘
219 2105 303 2158 schol.
320 2106 402 2156 Bern.
419 2107 449 2156 in
467 2108 517 2157 ecl.
535 2108 576 2158 IX
594 2122 699 2171 argum.

188 2169 210 2236 ²)
229 2176 292 2223 ‘sed
301 2181 394 2238 postea
406 2180 432 2224 et
441 2190 492 2238 per
502 2175 718 2224 Maecenatem
735 2181 761 2223 et
772 2190 821 2238 per
832 2174 974 2225 triumuiros
985 2175 1056 2238 apris
1064 2176 1127 2224 dioi-

123 2241 212 2289 denam
227 2241 329 2299 Varum,
342 2242 479 2293 Pollionem
488 2249 513 2290 et
526 2241 667 2291 Cornelium
680 2241 775 2291 Gallum
786 2242 856 2303 fama
865 2245 998 2292 carminum
1007 2257 1127 2292 cammen-

123 2307 197 2355 datus
202 2307 316 2369 Augusto
322 2315 348 2357 et
356 2323 434 2372 apros
440 2311 538 2371 recepit
546 2316 571 2358 et
581 2310 700 2371 deinceps
709 2309 871 2371 imperatoria
876 2309 1000 2370 familiari
1007 2310 1127 2358 amicitia’

124 2371 182 2434 (sic.
196 2371 279 2438 Sang.
291 2391 376 2425 amore
389 2376 470 2427 Bern.
482 2373 555 2437 Par.)
574 2376 727 2438 ‘perfruitus
740 2372 786 2425 est'
799 2375 926 2425 Donatus
938 2376 1024 2439 praei
1037 2375 1128 2425 bucol

122 2441 137 2500 ἃ
155 2441 196 2490 63.
232 2441 412 2507 neglegenter
433 2458 467 2492 ex
484 2442 615 2492 Suetonio
635 2446 766 2505 excerpta
783 2442 911 2493 videntur
928 2456 998 2506 quae
1020 2442 1050 2490 in
1067 2443 1128 2491 vita

124 2523 151 2572 p.
163 2508 195 2558 68
209 2522 249 2573 sq.
265 2510 391 2561 Donatus
408 2512 516 2558 narrat:
535 2510 585 2559 ‘ad
601 2509 714 2559 bucolica
730 2512 834 2559 transiit
849 2509 957 2558 mamma
973 2517 1001 2559 ut
1012 2508 1126 2557 Asinium

125 2575 261 2625 Pollionem
286 2577 474 2642 Alphenumque
508 2576 603 2626 Varum
630 2582 655 2626 et
683 2575 823 2626 Cornelium
850 2575 945 2626 Gallum
976 2576 1117 2627 celebraret

123 2643 182 2706 quia
200 2647 226 2692 in
243 2645 417 2695 distributione
429 2659 558 2708 agrarian,
577 2645 620 2708 qui
633 2651 694 2707 past
710 2644 897 2706 Philippensem
913 2644 1044 2694 victoriam
1060 2649 1127 2691 aete·

122 2711 194 2758 ranis
211 2712 391 2761 arianonorum
408 2713 476 2760 iussu
495 2719 566 2760 trans
588 2711 685 2759 Padum
702 2710 889 2765 dividebantur,
908 2710 1076 2760 indemnem
1092 2724 1126 2758 oe

122 2778 375 2837 praestitissent.
412 2778 503 2824 dmnde
520 2775 625 2838 (edidit)
643 2777 762 2838 peorpica
779 2776 805 2822 in
821 2775 941 2824 bonorem
956 2776 1126 2824 Maecena·

122 2842 176 2896 tie,
196 2843 239 2903 qui
254 2841 316 2890 sibi
331 2842 537 2890 mediocriter
558 2841 658 2888 adnuo
673 2845 745 2888 noia
763 2853 867 2901 operam
885 2838 995 2888 tulisset’
1015 2855 1039 2889 e.
1058 2852 1083 2902 q.
1103 2853 1116 2888 s

124 2905 198 2967 (vide
210 2906 314 2969 supra).
337 2905 449 2962 similia,
463 2903 511 2955 sed
525 2906 710 2955 contractiora
722 2905 806 2954 etiam
818 2903 925 2953 Probus
936 2919 962 2968 p.
977 2907 1024 2955 53:
1039 2908 1115 2954 ‘resti

123 2979 189 3020 tutus
205 2971 324 3033 beneficio
336 2973 449 3036 Alprieni
463 2973 541 3031 Vari,
560 2972 645 3020 Asinii
660 2971 784 3022 Pollionis
801 2978 827 3020 et
847 2970 957 3021 Cornelii
974 2971 1050 3027 Galli,
1070 2973 1124 3036 qui·

122 3037 166 3087 bus
183 3040 209 3086 in
226 3038 343 3089 bucolicis
354 3036 490 3088 adulatur!
525 3053 576 3087 nac
588 3037 694 3087 Phocas
711 3052 755 3087 vr.
774 3038 882 3087 84-93
900 3052 990 3087 rerum
1002 3038 1126 3088 ordinem

122 3105 279 3155 accuratius
297 3105 418 3170 quamvis
435 3104 579 3156 verbosius
597 3107 757 3168 persecutus
779 3109 831 3153 est.
867 3104 903 3153 cf.
927 3101 1124 3168 praeterea'de

122 3172 284 3221 Maecenate
306 3172 443 3223 Martialis
459 3172 526 3224 VIII
544 3172 588 3231 56,
613 3173 628 3221 9
650 3175 679 3221 et
702 3185 811 3221 carmen
835 3169 870 3219 ad
892 3170 984 3220 Pison.
1004 3173 1052 3222 218
1065 3186 1124 3236 sqq.

189 3237 209 3302 ³)
230 3240 344 3290 ‘Varum
369 3255 429 3305 erpo
448 3241 616 3303 prosequitur
636 3238 684 3288 laec
706 3239 821 3301 epicedio
844 3273 851 3287 .
873 3276 880 3290 .
903 3271 910 3286 .
934 3237 1043 3288 Silenum
1063 3253 1124 3288 nero

121 3303 216 3356 Sirena
233 3307 405 3371 philosophum
421 3308 473 3356 uult
493 3307 619 3369 intellepi:
639 3321 696 3354 nam
713 3304 806 3354 Sirena
824 3310 850 3354 et
870 3304 998 3368 Vergilius
1018 3303 1123 3355 audiuit'

123 3371 207 3424 schol.
217 3374 315 3424 Veron.
330 3374 366 3424 ad
378 3373 474 3427 acl.VI
484 3375 508 3423 6.
528 3378 620 3423 cetera
629 3373 692 3424 ride
702 3387 785 3437 supra
799 3375 826 3421 et
838 3372 867 3420 in
879 3371 1002 3437 prolagg.
1014 3374 1070 3436 p.8.
1083 3374 1122 3421 11.

123 3453 193 3504 quaa
213 3441 286 3506 apud
305 3441 429 3492 Servium
450 3440 486 3490 ad
510 3439 560 3490 ecl.
579 3441 619 3491 VI
635 3440 668 3489 26
685 3440 713 3488 in
732 3439 788 3489 solo
810 3436 939 3488 Leidensi
955 3455 981 3488 n.
1000 3441 1033 3490 80
1050 3442 1124 3490 testa

124 3509 157 3559 (i.
174 3506 289 3558 'Philone
312 3507 442 3574 leguntur
464 3508 541 3557 ‘naec
564 3515 646 3558 autem
668 3507 748 3557 anania
770 3508 802 3556 de
819 3504 905 3556 Sileno
928 3523 945 3555 a
965 3506 1124 3571 Theopompo
