2400 3878
515 240 614 288 onus
1003 224 1065 287 37³

59 398 156 462 nullus
177 401 208 458 in
231 417 282 458 ore
304 398 411 459 rubor:
433 397 484 459 ubi
506 397 585 455 enim
606 394 715 466 rubor,
739 393 835 454 obstat
857 393 959 453 amori.
1016 397 1066 450 180

58 493 144 563 atque
165 482 215 543 ubi
238 482 317 543 nulla
340 481 422 542 mahs
444 483 556 560 reperit
571 477 678 540 solacia
699 480 787 540 tantis

58 566 275 645 tabidulamque
297 567 376 626 videt
396 564 456 626 labi
477 565 663 643 perviscera
685 570 820 632 mortem,

59 670 115 731 quo
138 659 220 710 vocat
241 652 285 710 ire
308 649 406 719 dolor,
430 649 647 727 subiguntque
670 646 792 708 tendere
813 645 881 714 lata,

58 735 152 794 lertur
174 742 203 793 et
224 733 359 795 horribili
380 751 522 813 praeceps
542 731 692 811 inpellitur
714 738 821 799 oestro,

58 827 90 879 ut
111 819 216 897 patris,
240 836 255 877 a
279 818 414 887 demens,
438 818 550 877 crinem
573 815 610 875 de
631 817 740 876 vertice
762 822 874 874 sectum

58 903 217 980 furtimque
240 910 343 978 arguto
367 902 521 961 detonsum
543 901 674 960 mitteret
695 900 780 969 hosti,

58 1003 184 1064 namque
205 985 278 1044 haec
295 985 431 1046 condicio
450 987 575 1045 miserae
597 984 772 1063 proponitur
793 1000 861 1050 una,

58 1071 117 1130 sive
137 1067 190 1128 illa
211 1070 351 1146 ignorans
374 1071 448 1149 (quis
469 1086 529 1129 non
551 1067 646 1128 bonus
668 1069 766 1127 omnia
788 1066 871 1127 malit

58 1153 180 1212 eredere
202 1172 289 1232 quam
309 1155 381 1215 tanti
395 1150 517 1213 sceleris
542 1152 682 1211 damnare
704 1150 831 1229 puellam
839 1150 859 1229 l)

58 1237 115 1296 heu
137 1243 236 1295 tamen
257 1236 373 1295 infelix:
398 1236 467 1313 quid
491 1236 568 1296 enim
590 1235 778 1314 inprudentia
800 1234 939 1315 prodest?

58 1320 126 1379 Nise
147 1325 247 1396 pater,
271 1320 318 1377 oui
340 1319 453 1396 direpta
476 1318 635 1378 crudeliter
656 1319 730 1379 urbo

58 1405 105 1462 rix
127 1403 183 1460 erit
204 1419 263 1461 una
285 1418 374 1478 super
397 1400 481 1461 sedes
502 1403 534 1460 in
557 1401 687 1460 turribus
710 1401 783 1470 altis,

58 1487 151 1546 lessus
173 1483 224 1544 ubi
246 1490 379 1544 extructo
401 1485 495 1561 possis
517 1484 670 1543 considere
693 1483 771 1552 nido,

59 1577 119 1630 tum
142 1586 258 1647 quoque
280 1569 340 1627 avis
362 1573 509 1626 metuere:
533 1565 614 1625 dabit
636 1565 688 1625 tibi
709 1565 767 1625 filia
789 1582 909 1644 poenas.

58 1652 198 1731 gaudete,
222 1670 239 1711 o
262 1649 388 1721 celeres,
412 1649 549 1708 subnisae
571 1648 698 1708 nubibus
720 1648 795 1717 altis,

59 1755 134 1816 quae
155 1753 252 1805 mare,
275 1753 350 1813 quae
371 1733 480 1793 virides
502 1732 586 1792 silvas
608 1731 748 1811 lucosque
770 1739 908 1793 sonantes

60 1819 200 1887 inoohtis,
224 1819 361 1895 gaudete,
384 1835 473 1894 vagae
495 1815 678 1895 blandaeque
700 1815 848 1886 volucres;

58 1921 167 1982 vosque
189 1902 278 1972 adeo,
301 1903 445 1962 humanos
466 1907 594 1961 mutatae
617 1902 750 1980 corporis
772 1908 862 1971 artus,

59 2006 108 2047 vos
131 2007 148 2046 o
171 1985 284 2046 erudeli
307 1986 433 2046 latorum
455 1984 536 2063 lege,
559 1985 674 2064 puellae

58 2070 224 2141 Dauliades,
248 2070 386 2148 gaudete:
410 2072 490 2130 venit
511 2070 662 2130 carissima
682 2069 766 2132 vobis

58 2163 198 2232 cognatos
220 2172 331 2232 augens
352 2173 438 2232 reges
460 2172 675 2233 numerumque
697 2167 818 2215 suorum
845 2218 850 2230 ‚

58 2240 127 2297 oiris
149 2239 261 2315 etipse
283 2247 376 2316 pater.
400 2256 464 2307 vos,
489 2258 505 2298 o
527 2237 726 2316 pulcherrhna
749 2238 895 2316 quondam

59 2339 199 2398 corpora,
223 2321 373 2380 caeruleas
396 2323 572 2399 praevertite
594 2322 625 2379 in
648 2321 769 2381 aethera
791 2320 895 2392 nubes,

59 2421 114 2482 qua
136 2420 228 2462 novus
250 2404 286 2461 ad
308 2421 447 2480 superum
469 2403 554 2462 sedes
576 2403 735 2463 haliaeetus
756 2411 786 2463 et
807 2422 863 2482 qua

58 2485 182 2546 eandida
204 2503 359 2545 concessos
381 2485 519 2544 ascendat
541 2487 609 2544 oiris
631 2486 769 2545 honores.

99 2569 219 2646 lamque
241 2568 313 2627 adeo
336 2566 414 2627 dulci
437 2568 587 2628 devinctus
608 2567 718 2628 lumina
740 2586 843 2628 somno

58 2653 145 2712 Nisus
167 2659 244 2720 erat,
267 2648 445 2728 vigilumque
467 2650 571 2728 procul
594 2652 725 2712 custodia
748 2652 850 2729 primis

59 2734 195 2795 excubias
217 2733 330 2793 loribus
351 2733 447 2793 studio
469 2733 595 2793 iactabat
616 2735 710 2794 inani:

59 2837 125 2880 oum
147 2818 248 2878 furtim
271 2819 358 2892 tacito
382 2816 563 2876 descendens
585 2817 680 2896 Scylla
703 2816 791 2877 cubili

59 2903 178 2963 auribus
200 2903 324 2962 arreutis
345 2909 489 2960 nocturna
511 2900 625 2960 silentia
650 2908 771 2978 temptat

59 2994 88 3045 et
109 2987 218 3064 pressis
241 2994 359 3046 tenuem
382 2983 557 3062 singultibus
579 2989 649 3044 aera
671 2992 777 3063 captat.

58 3077 120 3130 tum
143 3088 283 3148 suspensa
306 3069 405 3129 levans
428 3069 525 3146 digitis
547 3069 667 3146 vestigia
688 3070 792 3147 primis

60 3153 209 3230 egreditur
230 3153 369 3232 ferroque
391 3171 495 3213 manus
518 3161 629 3212 armata
651 3152 764 3212 bidenti

60 3235 169 3304 evolat:
192 3243 222 3295 at
244 3235 380 3315 demptae
401 3237 497 3297 subita
519 3239 550 3296 in
572 3235 730 3295 formidine
752 3237 842 3296 vires:

59 3318 208 3380 caeruleas
230 3337 282 3378 sua
304 3320 381 3381 lurta
403 3322 485 3398 prius
507 3327 631 3380 testatur
654 3319 690 3381 ad
712 3318 841 3379 umbras.

59 3422 125 3463 nam
149 3421 205 3482 qua
227 3420 258 3461 se
281 3403 318 3463 ad
339 3405 466 3482 patrium
488 3403 629 3464 tendebat
650 3404 753 3464 semita
775 3402 874 3473 hmem

59 3486 201 3549 vestibulo
223 3487 254 3545 in
278 3486 396 3548 thalami
418 3487 538 3566 paulum
560 3495 728 3548 remoratur
751 3495 780 3548 et
801 3486 859 3548 alto
