2400 3878
400 223 683 274 rusoruraurucrs
699 225 736 273 xr
1012 215 1071 277 307

67 381 143 441 hanc
164 379 288 456 patriam
309 397 452 458 peperere
475 398 539 448 suo,
564 380 702 441 decorate
724 382 869 460 supremis
1040 389 1073 439 25

65 461 247 531 muneribus,
269 470 467 540 maestamque
489 463 618 524 Euandri
638 466 752 544 primus
772 464 808 524 ad
830 463 935 524 urbem

66 547 197 606 mittatur
219 544 321 614 Pallas,
344 565 431 624 quem
454 565 512 607 non
534 548 650 608 virtutis
672 555 806 625 egentem

65 627 185 689 abstulit
205 636 268 689 atra
290 629 352 690 dies
375 637 404 690 et
422 629 526 691 lunera
548 631 649 691 mersit
671 629 798 692 acerbo!

109 712 157 773 Sic
178 713 219 772 alt
237 711 425 773 inlacrimans
447 714 609 794 recipitque
627 715 663 775 ad
679 713 779 775 limina
800 732 942 793 gressum,

66 813 174 874 corpus
191 796 241 856 ubi
263 797 389 858 exanimi
410 798 535 876 positum
555 797 691 859 Pallantis
709 799 833 859 Acoetes

65 879 199 940 servabat
219 881 327 951 senior,
351 882 401 959 qul
422 880 578 942 Parrhasio
597 882 734 942 Euandro

65 964 192 1040 armiger
214 971 280 1024 ante
300 963 362 1033 luit,
386 964 514 1024 sednon
537 963 670 1025 felicibus
693 983 786 1044 aeque

65 1054 126 1106 tum
150 1064 248 1107 comes
269 1049 405 1126 auspiciis
426 1065 495 1108 caro
518 1047 602 1109 datus
618 1048 679 1110 ibat
700 1048 827 1112 alumno.

64 1131 175 1191 circum
197 1133 291 1191 omnis
314 1131 513 1211 famulumque
534 1151 638 1194 manus
661 1133 845 1215 Troianaque
863 1133 948 1196 turba

64 1221 93 1274 et
115 1222 259 1275 maestum
280 1214 383 1276 iliades
406 1217 517 1277 crinem
539 1217 576 1277 de
596 1235 680 1278 more
703 1217 823 1279 solutae.

63 1306 96 1358 ut
117 1316 187 1358 vero
208 1299 320 1358 deneas
343 1299 455 1359 loribus
475 1318 540 1361 sese
561 1299 658 1361 intulit
676 1299 749 1372 altis,

62 1383 210 1458 ingentem
233 1383 372 1457 gemitum
393 1383 487 1442 tunsis
509 1382 546 1442 ad
568 1383 664 1444 sidera
683 1384 788 1445 tollunt

62 1463 239 1542 pectoribus,
263 1473 433 1543 maestoque
451 1466 575 1542 inmugit
592 1468 674 1542 regia
695 1465 785 1528 luctu.

63 1548 127 1626 ipse
149 1554 238 1625 caput
259 1547 334 1607 nivei
356 1546 462 1606 iultum
482 1547 620 1608 Pallantis
641 1554 669 1607 et
691 1566 743 1608 ora

62 1638 95 1691 ut
117 1631 186 1690 vidlt
207 1630 322 1706 levique
340 1637 443 1708 patens
464 1632 494 1690 in
514 1638 634 1709 pectore
654 1629 757 1690 volnus

63 1712 189 1792 cuspidis
206 1714 360 1786 Ausoniae,
382 1712 512 1776 lacrimis
534 1716 572 1775 ita
592 1714 668 1774 latur
690 1713 811 1776 obortis.

63 1798 156 1858 ‘tene'
179 1798 282 1875 inquit,
307 1798 485 1879 ‘miserande
507 1815 591 1878 puer,
613 1817 681 1859 cum
702 1798 777 1860 laeta
799 1800 919 1870 veniret,

61 1881 162 1942 invidit
183 1881 312 1942 Fortuna
334 1881 418 1951 mihi,
438 1899 475 1942 ne
497 1900 587 1961 regna
608 1883 723 1944 rideres

61 1971 161 2024 nostra
184 1982 279 2043 neque
300 1965 336 2025 ad
355 1965 440 2026 sedes
461 1966 554 2026 victor
572 1966 715 2028 veherere
735 1967 890 2046 paternas?

61 2065 120 2108 non
142 2048 215 2110 haec
238 2048 376 2110 Euandro
396 2049 433 2109 de
455 2057 483 2109 te
504 2052 650 2130 promissa
668 2051 783 2130 parenti

61 2131 213 2193 discedens
235 2132 382 2202 dederam,
402 2151 468 2193 cum
490 2153 537 2194 me
559 2132 728 2213 complexus
748 2141 866 2195 euntem

62 2218 190 2278 mitteret
211 2217 240 2275 in
259 2233 397 2294 magnum
418 2218 576 2295 imperium
597 2224 790 2297 metuensque
809 2224 942 2277 moneret

61 2301 136 2360 acris
158 2317 223 2361 esse
243 2301 330 2369 viros,
354 2299 431 2360 cum'
445 2301 519 2361 dura
537 2299 648 2380 proelia
667 2307 762 2379 gente.

61 2390 90 2444 et
110 2400 189 2442 nunc
208 2381 256 2442 ille
278 2382 398 2459 quidem
420 2400 473 2460 spe
494 2383 618 2444 mutum
639 2391 741 2461 captus
762 2384 842 2443 inani

60 2466 122 2526 iors
144 2472 172 2526 et
188 2473 254 2524 rota
276 2464 344 2525 iacit
365 2464 552 2543 cumulatque
574 2464 674 2525 altaria
697 2465 798 2525 donis:

63 2569 117 2610 nos
138 2551 274 2609 iuvenem
296 2550 464 2608 exanimum
486 2556 516 2608 ct
537 2546 577 2607 nil
598 2549 657 2607 lam
679 2543 851 2606 caelestibus
872 2545 937 2605 ullis

64 2632 221 2692 debentem
243 2648 316 2690 rano
340 2631 442 2691 maesti
465 2631 638 2690 comitamur
659 2627 784 2688 honore.

63 2715 179 2782 inlelix,
204 2715 262 2774 nati
284 2714 372 2773 lunus
394 2711 515 2773 crudele
536 2711 666 2774 ridebis!

65 2799 94 2858 hi
116 2799 210 2859 nostri
232 2797 346 2858 reditus
367 2797 568 2876 expectatique
591 2795 744 2872 triumphi!

64 2882 135 2942 haec
156 2899 221 2942 mea
243 2897 348 2958 magna
370 2880 451 2941 tides.
487 2888 515 2940 at
537 2897 612 2952 non,
636 2878 788 2948 Euandre,
811 2877 955 2956 pudendis

64 2964 231 3026 volneribus
254 2962 368 3041 pulsum
390 2965 512 3043 aspicies
535 2982 590 3026 nco
612 2964 721 3044 sospite
745 2963 843 3024 dirum

63 3047 177 3127 optabis
199 3055 268 3108 nato
290 3050 377 3108 lunus
399 3058 491 3126 pater.
527 3049 554 3108 el
575 3049 660 3119 mihi,
684 3055 825 3126 quantum

63 3131 241 3211 praesidium
263 3133 389 3192 Ausonia
413 3139 444 3203 et
464 3139 604 3209 quantum
627 3141 659 3193 tu
681 3131 795 3211 perdis,
818 3130 920 3193 lule!’'

106 3214 184 3274 llaec
205 3213 256 3273 ubi
279 3215 407 3284 deflevit,
432 3213 493 3275 tolli
515 3213 683 3276 miserabile
705 3231 812 3293 corpus

63 3301 189 3374 imperat
211 3303 240 3356 et
260 3303 322 3357 toto
344 3296 436 3359 lectos
459 3316 494 3358 ex
516 3299 631 3375 agmirm
652 3298 740 3357 mittit

64 3379 145 3442 mille
166 3380 253 3439 viros.
285 3381 335 3459 qui
357 3399 528 3460 supremum
550 3382 727 3440 comitentur
748 3378 891 3438 honorem

64 3464 259 3542 intersintque
280 3464 371 3543 patris
394 3461 546 3532 lacrumis,
569 3461 674 3523 solacia
696 3461 793 3522 luctus

793 3553 862 3619 20*
