2400 3878
352 229 355 234 ,
388 193 532 241 venerut
554 194 677 242 auratus
697 188 770 264 '111'

59 351 180 429 virginei
202 348 354 410 volucrum
375 346 486 417 voltus,
508 346 674 407 foedissima
696 350 803 409 ventris

59 434 206 513 proluvies
228 449 379 510 uncaeque
397 448 500 491 manus
523 437 551 490 et
572 429 677 509 pallida
700 449 814 511 semper

61 536 113 579 ora
137 517 221 577 lame.

59 602 117 662 huc
138 599 189 661 ubi
211 597 297 660 delati
318 605 420 675 portus
442 599 625 668 intravimus,
649 617 717 659 ecce

59 684 132 745 laeta
155 683 245 744 boum
262 683 369 761 passim
393 683 501 761 campis
524 690 654 742 armenta
678 681 808 742 videmus
865 744 869 749 ,

60 768 308 846 caprigenumque
331 783 421 843 pecus
443 764 522 825 nullo
544 766 664 826 custode
685 783 739 842 per
761 764 875 826 herbas.

59 852 202 911 inruimus
224 850 318 918 terro,
341 857 370 910 et
392 849 472 909 divos
494 850 647 927 ipsumque
669 866 805 910 vocamus

59 936 88 994 in
111 940 223 1011 partem
245 933 441 1012 praedamque
464 934 574 1000 lovem;
599 940 660 992 tum
682 931 767 992 litore
788 950 878 993 curvo

60 1019 279 1096 extruimusque
301 1026 381 1077 toros
403 1015 585 1095 dapibusque
608 1015 761 1094 epulamur
780 1018 892 1094 opimis.

59 1109 88 1161 at
109 1100 221 1161 subitae
243 1100 382 1160 horrifico
405 1100 486 1178 lapsu
505 1099 541 1160 de
563 1099 712 1160 montibus
734 1099 839 1161 adsunt

58 1184 194 1263 harpyiae
213 1192 241 1245 et
261 1187 374 1260 magnis
396 1185 527 1263 quatiunt
549 1182 734 1260 clangoribus
755 1182 829 1254 alas,

59 1267 255 1346 diripiuntque
278 1267 368 1345 dapes
391 1274 583 1345 contactuque
602 1268 700 1327 omnia
721 1266 839 1327 foedant

58 1350 225 1420 immundo,
247 1359 309 1411 tum
333 1369 387 1410 vox
410 1357 535 1412 taetrum
556 1349 619 1410 dira
641 1351 716 1410 inter
739 1351 868 1412 odorem.

58 1452 176 1495 rursum
196 1435 224 1493 in
244 1451 361 1494 secessu
382 1432 469 1510 longo
493 1433 547 1493 sub
570 1451 644 1510 rupe
666 1441 764 1493 cavata

59 1518 230 1576 instruimus
251 1532 368 1576 mensas
390 1518 506 1594 arisque
528 1517 698 1595 reponimus
719 1517 830 1593 ignem:

58 1618 178 1660 rursum
203 1619 237 1659 ex
260 1599 374 1659 divorso
398 1598 469 1658 caeli
492 1599 643 1677 caecisque
665 1597 784 1659 latebris

58 1684 144 1743 turba
167 1700 274 1742 sonans
290 1682 430 1760 praedam
452 1681 576 1760 pedibus
598 1680 786 1742 circumvolat
808 1685 903 1754 uncis,

58 1766 161 1845 polluit
183 1784 234 1826 ore
255 1766 353 1843 dapes.
398 1767 483 1826 sociis
505 1772 575 1825 tunc
592 1783 672 1825 arma
694 1775 845 1844 capessant

59 1850 155 1919 edico,
177 1858 205 1911 et
224 1850 285 1910 dira
309 1847 417 1910 bellum
438 1855 611 1926 cumgente
634 1850 805 1925 gerendum.

60 1931 130 1994 haut
151 1951 235 1995 secus
255 1952 289 1994 ac
307 1934 377 1993 iussi
397 1933 521 2006 iaciunt,
544 1940 695 2012 tectosque
717 1952 770 2011 per
791 1935 912 1998 herbam

59 2018 219 2095 disponunt
240 2035 324 2078 enses
345 2024 374 2077 et
395 2024 477 2078 scuta
499 2016 615 2077 latentia
636 2018 774 2078 condunt.

58 2119 129 2177 ergo
148 2100 198 2162 ubi
218 2100 351 2180 delapsae
373 2102 506 2161 sonitum·
520 2119 573 2178 per
596 2119 683 2162 curva
702 2101 810 2164 dedere

54 2184 156 2254 litora,
177 2185 226 2245 dat
244 2187 357 2261 signum
380 2183 497 2262 specula
519 2184 646 2245 Misenus
668 2185 705 2246 ab
725 2184 780 2245 alta
811 2200 813 2204 “

59 2286 126 2328 aere
148 2286 227 2328 cavo.
272 2268 411 2328 hrvadunt
432 2270 502 2329 socii
520 2275 549 2329 et
569 2286 643 2329 nova
664 2268 775 2347 proelia
798 2278 953 2350 temptant,

58 2350 200 2411 obscenas
219 2350 314 2428 pelagi
334 2352 413 2412 lerro
436 2352 555 2412 foedare
574 2351 717 2413 volucres.

58 2433 109 2494 sed
132 2452 228 2511 neque
247 2437 303 2494 vim
327 2434 432 2511 plumis
453 2433 542 2494 ullam
562 2452 617 2495 nec
639 2435 758 2498 volnera
774 2446 857 2513 tergo

58 2518 217 2595 accipiunt,
238 2516 384 2593 celerique
406 2517 475 2593 luga
498 2517 551 2576 sub
568 2517 663 2576 sidera
684 2517 781 2595 lapsae

57 2617 200 2660 semesam
221 2599 361 2677 praedam
381 2606 410 2658 et
430 2599 548 2674 vestigia
572 2599 655 2658 loeda
677 2601 851 2680 relinquont.
952 2659 955 2664 .

57 2700 115 2743 una
137 2684 166 2743 in
188 2679 337 2758 praecelsa
359 2681 489 2742 consedit
510 2698 584 2760 rupe
608 2681 748 2762 Celaeno,

57 2765 155 2826 infelix
179 2773 270 2834 vates,
293 2765 459 2843 rumpitque
478 2764 553 2825 hanc
569 2773 688 2844 pectore
709 2785 825 2828 vocem:

59 2847 183 2910 ‘bellum
205 2850 291 2910 etiam
313 2866 367 2926 pro
390 2848 478 2909 caede
500 2847 590 2909 houm
609 2850 763 2928 stratisque
786 2852 915 2912 iuvencis

59 2932 336 3003 Laomedontiadae,
360 2931 508 2993 bellumne
529 2931 639 2994 inferre
659 2935 768 3012 paratis

58 3023 88 3077 et
106 3019 200 3095 patrio
221 3016 356 3096 harpyias
378 3018 499 3077 insontis
520 3015 630 3094 pellere
653 3019 766 3096 regno?

58 3101 179 3177 accipite
204 3117 275 3176 ergo
293 3102 398 3181 animis
420 3108 506 3179 atque
528 3099 601 3161 haec
618 3120 683 3161 mea
707 3103 786 3179 figite
808 3101 900 3171 dicta,

58 3202 133 3262 quae
151 3182 270 3244 Phoebo
287 3193 370 3261 pater
389 3186 586 3261 omnipotens,
610 3185 679 3244 mihi
701 3186 836 3245 Phoebus
857 3183 961 3262 Apollo

58 3267 214 3344 praedixit,
233 3266 314 3326 vohis
335 3267 478 3331 furiarum
500 3285 554 3346 ego
577 3269 701 3327 maxima
717 3269 823 3345 pando.

56 3434 200 3494 arboribus
218 3435 335 3494 clausum
356 3438 456 3496 circum
481 3447 562 3511 atque
584 3436 757 3493 horrentibus
776 3435 878 3493 umbris
1018 3442 1071 3496 230
