2400 3878
131 201 193 266 ²50
450 213 591 262 venenu
611 213 738 263 suums
759 213 823 262 vm

133 368 244 430 viribus
264 368 430 430 indubitare
451 367 529 430 tuis!
560 387 595 430 aa
616 368 704 429 verba
720 367 834 429 locutus

133 459 248 532 optatos
270 452 350 513 dedit
371 450 521 531 amplexus
541 451 746 531 placidumque
764 451 865 530 petivit

132 537 264 615 coniugis
284 537 397 596 iafusm
416 536 528 614 gremio
544 553 599 614 per
614 534 747 595 membra
768 553 914 613 soporem.

174 619 245 680 lade
267 618 318 680 ubi
339 620 433 699 prima
454 619 537 698 quies
558 618 654 679 medie
674 618 733 678 iam
754 617 853 679 Noctis
873 617 993 679 abactae

133 702 280 765 curriculo
300 701 450 782 expulerat
471 719 615 772 somnum,
634 720 701 763 cum
721 702 828 762 femina
846 703 985 781 primum,

133 788 182 848 cul
200 784 327 847 tolerare
350 784 414 846 colo
435 786 522 846 vitam
542 786 681 864 tenuique
700 786 829 846 Minerva

132 870 310 949 impositum,
334 871 464 930 cinerem
486 876 515 929 et
535 870 644 948 sopitos
666 870 786 929 suscitat
806 869 900 946 ignes,

133 962 250 1015 noctem
272 952 383 1013 addens
400 954 495 1032 operi,
516 952 697 1031 famulasque
715 952 752 1012 ad
773 951 883 1013 lumina
897 949 985 1030 longo

134 1045 251 1098 exercet
271 1053 374 1114 panso,
397 1043 509 1097 castum
531 1043 564 1096 ut
582 1054 699 1097 servare
721 1034 816 1096 cubile

134 1120 267 1198 coniugis
289 1127 317 1180 et
336 1120 426 1197 possit
447 1137 553 1199 parvos
576 1120 701 1182 educere
723 1126 821 1179 natos:

133 1203 205 1264 haut
222 1219 307 1264 secus
325 1203 491 1279 ignipotens
508 1222 564 1265 nee
583 1212 717 1280 tempore
738 1202 857 1280 segnior
878 1199 928 1259 illo

134 1285 271 1347 mollibus
290 1305 306 1347 e
327 1287 425 1347 stratis
446 1305 536 1366 opera
558 1288 595 1348 ad
616 1285 730 1346 fabrilia
752 1285 853 1363 surgit.

133 1369 228 1431 insula
250 1369 398 1431 Sicanium
418 1371 498 1432 iuxta
519 1369 594 1433 latus
615 1368 802 1449 Aeoliamque
841 1309 895 1424 ‘l'

135 1455 257 1532 erigitur
279 1454 413 1533 liparen,
436 1453 615 1515 fumantibus
637 1453 727 1515 ardua
750 1452 835 1522 saxis,

136 1554 223 1615 quam
245 1544 346 1617 supter
365 1555 471 1616 specus
491 1545 520 1598 et
536 1536 697 1618 Cyclopum
716 1554 803 1598 exesa
822 1533 942 1595 caminis

135 1628 218 1683 antra
238 1623 364 1682 Aetnaea
386 1628 488 1683 tonant
508 1621 653 1700 validique
671 1620 826 1682 incudibus
844 1619 919 1678 ictus

134 1705 224 1765 auditi
246 1704 379 1765 referunt
399 1707 524 1783 gemitus
545 1704 729 1783 striduntque
751 1702 884 1764 cavernis

134 1789 288 1848 stricturae
308 1787 468 1865 Chalybum
490 1796 518 1847 et
536 1788 705 1847 fornacibus
722 1787 797 1865 ignis
818 1781 944 1852 anhelat,

134 1868 252 1929 Volcani
269 1870 373 1930 domus
396 1877 425 1929 et
445 1867 581 1930 Volcania
601 1871 719 1930 nomine
740 1867 834 1929 tellus.

133 1951 191 2012 boe
210 1960 280 2012 tunc
301 1953 466 2030 ignipotens
487 1951 568 2012 caelo
589 1951 739 2013 descendit
758 1951 795 2012 ab
818 1949 886 2011 alto.

134 2034 247 2098 ferrum
269 2033 447 2097 exercebant
468 2041 549 2095 vasto
568 2033 709 2113 Cyclopes
729 2035 760 2094 in
779 2041 873 2102 antro,

133 2120 317 2197 Brontesque
339 2119 536 2197 Steropesque
558 2126 588 2179 et
606 2117 703 2178 nudus
721 2116 854 2178 membra
871 2117 1043 2196 Pyracmon
1087 2122 1141 2174 425

133 2202 179 2263 bis
199 2202 388 2262 informatum
409 2201 544 2261 manibus
567 2203 625 2263 iam
647 2209 730 2281 parte
747 2199 836 2280 polita

133 2285 245 2348 fulmen
267 2291 338 2350 erat.
360 2292 420 2345 toto
443 2286 556 2364 genitor
579 2302 654 2362 quae
675 2284 802 2364 plurima
824 2281 905 2344 caelo

133 2369 222 2430 deicit
239 2370 269 2429 in
291 2375 396 2440 terres,
419 2386 488 2447 pars
509 2367 671 2448 inperfecte
692 2366 838 2429 manebat.

133 2455 186 2513 tris
207 2452 309 2513 imbris
330 2453 399 2513 torti
421 2452 526 2524 radios,
549 2453 603 2513 tris
623 2451 709 2513 uubis
731 2469 858 2531 aquosae

133 2535 313 2606 addiderant,
332 2535 412 2598 rutili
430 2538 484 2598 tris
502 2537 577 2616 ignis
600 2543 629 2598 et
649 2536 723 2597 alitis
745 2537 852 2599 austri:

133 2619 262 2698 fulgores
282 2637 362 2681 runo
382 2621 526 2682 terrificos
550 2621 737 2699 sonitumque
760 2626 930 2697 metumque

133 2701 295 2764 miscebant
314 2706 398 2782 operi
416 2704 598 2783 flammisque
620 2702 797 2784 sequacibus
817 2704 887 2763 iras.

131 2791 216 2867 parte
236 2786 289 2846 alia
311 2786 395 2846 Marti
417 2805 597 2867 currumque
618 2797 757 2868 rotasque
777 2785 904 2847 volueris

133 2867 289 2940 instabant,
313 2869 419 2948 quibus
438 2870 487 2931 ille
507 2871 595 2939 vires,
617 2871 722 2948 quibus
745 2870 850 2930 excitat
870 2866 974 2932 urbes:

133 2955 293 3033 aegidaque
315 2952 501 3022 horriferam,
522 2952 657 3013 turbatae
677 2951 803 3012 Palladis
824 2968 915 3017 mma,

134 3039 267 3099 certatim
288 3037 417 3115 squamis
438 3043 607 3115 serpentum
631 3052 762 3114 auroque
783 3033 915 3112 polibant

134 3138 320 3201 conexosque
341 3120 444 3197 anguis
465 3119 617 3200 ipsamque
641 3119 670 3178 in
690 3125 811 3195 pectore
836 3115 918 3176 divae

133 3205 280 3282 Gorgona,
302 3205 418 3267 desecto
437 3209 598 3264 vertentem
619 3201 730 3264 lumina
750 3199 834 3262 collo.

134 3287 238 3349 ‘tollite
261 3288 380 3350 cuncta’
399 3289 493 3368 iuquit
515 3294 710 3367 ‘coeptusque
731 3285 843 3347 auferte
861 3283 987 3352 labores,

50 3370 53 3375 ’
134 3372 252 3432 Aetnaei
274 3371 424 3451 Cyclopes,
444 3379 474 3435 et
494 3371 553 3433 buc
574 3371 714 3433 advertite
735 3376 880 3430 mentem:

133 3471 213 3515 mma
234 3455 295 3515 aori
319 3456 451 3518 facienda
473 3457 545 3517 viro.
578 3473 657 3517 nune
678 3453 789 3516 viribus
809 3471 890 3521 usus,
