2400 3878
133 206 194 267 352
329 242 332 247 -
444 216 585 264 vnaornr
607 216 732 265 narnis
755 217 805 264 xrr

132 388 237 432 rursus
257 374 287 430 ln
305 371 422 448 aurigae
444 370 546 431 faciem
568 377 678 431 mrrtata
697 370 807 432 Metisci

133 454 281 531 procurrit
301 453 441 531 fratrique
463 471 562 514 ensem
582 453 636 514 dea
658 453 769 514 llaunta
791 453 895 516 reddit.

133 537 209 615 quod
228 537 325 598 Venus
343 537 443 598 audaci
465 536 608 615 nymphae
629 537 775 614 indignata
797 536 886 598 licere

132 620 253 680 accessit
271 619 420 698 telumque
441 619 496 679 alta
520 619 555 678 ab
579 619 676 680 radice
698 619 818 681 revellit.

133 701 181 763 olli
200 702 346 772 sublimes,
370 704 458 762 armis
476 703 638 785 animisque
659 703 770 773 refecti,

132 785 180 847 hic
199 786 293 863 gladio
317 785 418 854 fidens,
441 786 488 846 hie
509 803 576 845 acer
599 795 629 846 et
649 786 757 846 arduus
779 787 869 855 hasta,

133 869 274 929 adsistunt
295 876 395 928 contra
419 869 576 929 certamina
597 868 696 930 llartis
718 869 822 930 anheli.

175 953 318 1012 lunonem
339 953 451 1012 interea
471 970 523 1012 rex
547 953 752 1031 omnipotentis
772 952 886 1032 Olympi

135 1033 300 1113 adloquitur
322 1033 399 1094 fulva
418 1051 531 1112 pugnas
553 1034 589 1095 de
612 1034 689 1096 nube
714 1043 858 1096 tuentem:

133 1127 225 1196 ‘quae
246 1119 303 1176 iam
321 1117 387 1176 tlnls
408 1120 473 1186 erit,
496 1119 640 1178 coniunxi
662 1118 730 1196 quid
750 1118 874 1197 denique
896 1117 1001 1178 restat?

132 1199 291 1277 indigetem
312 1200 430 1260 Aenean
449 1201 505 1260 scis
526 1202 588 1279 ipsa
610 1208 638 1261 et
655 1203 732 1261 scire
754 1201 854 1277 fateris

132 1282 233 1344 deberi
253 1281 332 1343 caelo
355 1281 476 1362 fatisque
499 1283 535 1342 ad
556 1284 651 1344 sidera
672 1283 742 1344 tolll.

132 1366 200 1445 quid
220 1366 326 1427 struis?
345 1374 394 1427 aut
416 1384 473 1444 qua
495 1383 546 1444 spe
570 1366 672 1445 gelidis
690 1370 720 1427 in
738 1366 864 1429 nubibus
885 1367 1006 1429 haeresi

131 1449 267 1510 mortalin
285 1450 381 1510 decuit
402 1449 502 1509 violari
525 1448 642 1512 volnere
665 1451 769 1521 dlvom,

132 1540 182 1593 aut
203 1550 302 1593 ensem
325 1532 403 1610 (quid
426 1535 504 1593 enim
527 1534 588 1594 sine
610 1541 639 1594 te
660 1534 778 1594 Iuturna
799 1533 934 1613 valeretf)

132 1623 265 1695 ereptum
287 1616 370 1676 reddi
391 1616 492 1676 Turno
510 1624 539 1676 et
558 1619 616 1677 vim
634 1635 767 1678 crescere
787 1617 886 1678 victis?

132 1699 232 1759 desine
253 1701 310 1760 iam
334 1699 450 1759 tandem
474 1699 669 1779 precibusque
691 1699 839 1760 inflectere
861 1703 981 1761 nostris:

131 1789 248 1842 ventum
269 1782 305 1841 ad
327 1799 497 1860 supremum
521 1791 571 1842 est.
602 1783 688 1842 terris
709 1785 819 1861 agitare
840 1781 884 1843 vel
904 1783 990 1844 undis
1084 1793 1140 1846 80³

132 1864 275 1925 Troianos
296 1866 423 1943 potuisti,
447 1864 595 1924 infandum
615 1866 776 1927 accendere
798 1864 916 1938 bellum,

133 1948 296 2008 deformare
319 1946 437 2007 domum
460 1955 488 2006 et
508 1946 587 2007 luctu
610 1948 732 2008 miscere
753 1949 944 2027 hymenaeos:

131 2030 252 2091 ulterius
272 2037 414 2106 temptare
434 2028 518 2090 veto?
554 2031 596 2090 sic
618 2031 747 2108 luppiter
765 2048 864 2098 orsus;

132 2115 173 2174 sic
194 2113 248 2173 dea
270 2113 424 2173 summisso
445 2120 544 2173 contra
565 2113 700 2173 Saturnia
722 2113 815 2173 voltu:

133 2198 203 2257 ‘ista
225 2196 340 2274 quidem
362 2197 428 2274 qula
450 2204 519 2256 nota
540 2196 611 2256 mihi
632 2204 691 2266 tua,
713 2214 827 2275 magne,
850 2197 991 2268 voluntas,

132 2279 270 2358 luppiter,
294 2286 322 2340 et
343 2278 476 2340 Turnum
495 2287 524 2340 et
544 2286 638 2340 terras
657 2281 744 2340 invita
766 2280 886 2359 reliqui:

133 2378 187 2423 nec
207 2369 238 2424 tu
260 2381 306 2423 me
328 2364 406 2423 adria
429 2363 520 2424 solam
539 2381 618 2424 nunc
638 2364 707 2425 sede
725 2363 837 2426 videres

132 2445 219 2524 digna
239 2446 356 2523 indigna
378 2448 447 2524 pati,
470 2447 520 2508 sed
541 2447 665 2508 flammis
690 2449 783 2508 cincta
805 2447 858 2508 sub
876 2449 939 2526 lpsa

133 2537 241 2589 starem
263 2531 325 2590 acie
346 2531 553 2609 traheremque
575 2531 690 2592 inimica
712 2533 742 2591 in
760 2530 870 2610 proelia
890 2530 1029 2591 Teucros.
1094 2607 1097 2612 .

132 2612 282 2672 Iuturnam
304 2614 410 2674 misero
428 2614 540 2693 (fateor)
563 2632 737 2675 succurrere
761 2614 843 2674 fratri

132 2698 209 2755 suasi
232 2704 259 2755 et
281 2714 335 2774 pro
357 2698 414 2756 vita
436 2699 546 2757 maiora
568 2697 677 2758 audere
697 2697 828 2776 probari,

132 2795 190 2837 non
210 2788 242 2838 ut
262 2779 317 2839 tela
339 2787 444 2850 tamen,
466 2798 525 2840 non
545 2788 578 2841 ut
598 2781 786 2842 contenderet
805 2797 921 2841 arcum:

134 2861 236 2920 adiuro
255 2861 344 2939 Stygii
367 2872 454 2941 caput
474 2861 646 2941 inplacabile
668 2863 765 2933 fontis,

131 2960 188 3004 una
207 2944 372 3021 superstitio
395 2946 508 3022 superis
531 2963 605 3021 quae
627 2945 739 3005 reddita
760 2947 840 3006 diris.

132 3034 162 3087 et
178 3043 257 3086 mmo
278 3025 349 3085 cedo
369 3025 503 3103 equidem
524 3043 693 3104 pugnasque
716 3046 802 3088 erosa
825 3027 968 3108 relinquo.

131 3107 201 3169 illud
223 3116 260 3177 te,
282 3107 362 3169 nulla
376 3109 431 3168 ‚lati
454 3109 531 3186 quod
552 3107 617 3184 loge
638 3116 763 3182 tenetur,

131 3205 185 3267 pro
208 3192 288 3252 Latio
308 3192 446 3259 obtestor,
471 3209 526 3270 pro
548 3193 696 3254 maiestate
712 3201 846 3256 tuorum:

132 3289 199 3331 cum
217 3275 273 3334 iam
293 3275 414 3336 conubis
432 3293 534 3353 pacem
556 3275 689 3338 felicibus
712 3276 793 3357 (esto)

132 3367 315 3433 component,
338 3377 405 3420 cum
423 3361 480 3420 iam
499 3359 578 3437 leges
600 3368 629 3421 et
644 3359 764 3421 foedera
781 3362 911 3439 iungant,

132 3455 169 3498 ne
186 3444 268 3497 vetus
289 3440 437 3519 indigenas
459 3460 567 3504 nomen
584 3450 697 3504 mutare
720 3443 836 3504 Latinos
