2400 3878
356 187 499 236 vunornr
522 186 723 236 onouorcou
745 190 771 235 u
1024 175 1060 238 41

66 346 196 405 nascitur
219 351 247 403 et
270 361 355 405 casus
377 342 458 402 abies
482 344 579 404 visura
601 344 741 404 marinos.

105 427 249 487 Inseritur
272 445 340 486 vero
363 434 392 486 et
413 428 497 487 nucis
520 426 642 488 arbutus
664 426 784 488 horrida
806 430 877 496 ictu,

66 519 95 571 et
116 510 232 571 steriles
254 509 365 587 platani
386 509 478 570 malos
500 528 620 588 gessere
641 510 778 581 valentes,
1034 517 1066 568 70

65 602 218 654 castaneae
239 593 335 670 lagos3
363 611 513 671 ornusque
534 595 666 655 incanuit
687 593 754 654 albo

66 678 137 737 llere
159 678 229 755 piri,
254 675 449 753 glandemque
471 696 539 738 sues
560 678 676 755 fregere
699 677 754 738 sub
777 677 872 739 ulmis.

66 778 120 820 nec
142 759 246 820 modus
267 761 401 821 inserere
424 769 512 839 atque
535 761 635 822 oculos
656 762 800 839 inponere
822 759 954 839 simplex.

65 862 132 903 nam
155 860 213 920 qua
235 861 266 903 se
288 844 386 904 medio
409 844 534 905 trudunt
555 845 592 905 de
614 847 725 905 cortice
748 863 880 923 gemmae

65 935 95 988 et
117 929 212 987 tenuis
233 936 376 1005 rumpunt
398 929 527 998 tunicas,
551 936 693 1007 angustus
715 930 746 989 in
768 930 832 1008 ipso
1032 935 1064 984 75

64 1012 97 1070 tie
118 1010 195 1070 nodo
218 1011 314 1069 sinus:
337 1011 396 1070 huc
418 1010 511 1072 aliena
534 1030 569 1071 ex
591 1012 697 1072 arbore
719 1029 841 1090 germen

64 1092 219 1155 includunt
241 1093 357 1171 udoque
380 1094 488 1155 docent
509 1095 673 1156 inolescere
695 1094 781 1156 libro.

65 1185 115 1237 aut
136 1192 256 1238 rursum
280 1177 392 1238 enodes
414 1181 512 1239 trunci
533 1187 722 1248 resecantur,
748 1188 777 1240 et
799 1179 856 1240 alte

66 1260 185 1320 finditur
207 1262 237 1319 in
259 1259 385 1321 solidum
409 1264 511 1323 cuncis
533 1265 594 1332 via,
619 1262 724 1323 deinde
747 1265 860 1325 feraces

64 1342 182 1425 plantae
203 1345 416 1404 immittuntur:
440 1364 494 1406 nec
516 1346 637 1422 longum
660 1355 790 1426 tempus,
815 1354 844 1406 et
866 1346 969 1422 ingens
1033 1349 1067 1400 80

66 1424 147 1486 exilit
168 1425 203 1485 ad
227 1425 339 1486 caelum
361 1431 449 1487 ramis
471 1430 605 1491 felicibus
627 1429 715 1489 arbos

65 1511 249 1584 miraturque
271 1526 360 1570 noras
382 1511 503 1572 frondes
527 1521 555 1572 et
576 1530 636 1570 non
658 1530 712 1571 sua
736 1528 830 1589 poma.

106 1591 262 1652 Praeterea
285 1609 377 1669 genus
399 1593 471 1654 haut
492 1612 584 1654 unum
606 1611 662 1654 nec
683 1593 809 1654 fortibus
832 1592 919 1653 ulmis

64 1694 119 1736 nec
141 1674 223 1735 salici
245 1682 365 1752 totoque
389 1695 484 1754 neque
506 1677 600 1738 idaeis
622 1679 786 1756 cyparissis,

65 1778 119 1820 uec
140 1760 265 1836 pingues
287 1777 377 1820 unam
399 1761 431 1818 in
453 1762 557 1825 taciem
579 1769 742 1822 nascuntur
764 1759 864 1829 olivae,
1034 1766 1067 1816 85

66 1841 209 1904 orchades
234 1850 263 1903 et
285 1842 359 1902 radii
381 1851 410 1903 ot
432 1861 530 1904 amara
551 1844 654 1923 pausia
675 1843 748 1905 baca

63 1943 208 2004 pomaque
231 1933 260 1986 et
280 1925 394 1986 Alcinoi
416 1928 518 1997 silvae,
544 1946 598 1988 nec
619 1927 756 1988 surculus
777 1927 856 1988 idem

65 2008 238 2069 Crustumiis
261 2009 411 2087 Syriisque
433 2013 505 2089 piris
527 2011 723 2090 gravibusque
744 2010 892 2071 volaemis.

65 2110 123 2151 non
147 2092 247 2153 cadem
271 2093 425 2154 arboribus
448 2095 557 2173 pendet
578 2095 725 2155 vindemia
746 2097 865 2164 nostris,

64 2195 152 2254 quam
173 2176 377 2255 Methymnaeo
401 2181 497 2257 carpit
519 2178 555 2238 de
575 2177 696 2256 palmite
718 2177 844 2246 Lesbos余
1031 2181 1066 2232 110

63 2268 133 2319 sunt
153 2258 279 2320 Thasiae
300 2262 388 2330 vites,
412 2270 481 2322 sunt
504 2270 534 2322 et
554 2261 730 2322 Mareotides
752 2260 845 2330 albae,

63 2341 221 2421 pinguibus
244 2343 300 2403 hac
321 2346 410 2404 terris
432 2344 559 2414 habiles,
583 2344 743 2406 tenoribus
765 2343 842 2413 illae,

65 2434 93 2486 et
115 2442 201 2503 passo
223 2426 331 2503 psithia
354 2426 454 2488 utilior
475 2429 630 2504 tenuisque
652 2426 753 2505 lageos

64 2516 241 2586 temptatura
263 2509 353 2584 podes
376 2509 445 2569 olim
466 2513 657 2586 vincturaque
679 2511 821 2585 linguam,

65 2608 231 2667 purpureae
253 2592 443 2668 preciaeque,
468 2600 497 2651 ct
519 2607 577 2667 quo
600 2600 628 2651 te
651 2594 781 2652 carmine
804 2591 909 2660 dicam,
1035 2597 1068 2649 95

64 2672 222 2733 Rhaetica?
252 2691 307 2732 nec
330 2671 412 2734 cellis
432 2674 499 2733 ideo
522 2674 666 2734 contende
688 2673 829 2736 Falernis.

64 2764 133 2819 sunt
155 2764 183 2816 et
204 2756 364 2815 Aminneae
386 2759 473 2827 vites,
497 2758 666 2817 firmissima
688 2759 763 2825 vina,

64 2838 195 2899 Tmolius
217 2839 352 2916 adsurgit
374 2841 480 2917 quihus
503 2850 532 2902 et
553 2858 606 2901 rer
628 2843 691 2917 ipsc
713 2841 882 2908 Phanaeus余

63 2923 231 3000 Argitisque
253 2925 365 2992 minor余
389 2927 435 2984 cui
458 2943 517 2985 non
540 2926 697 2986 certaverit
720 2923 777 2985 ulla

64 3013 114 3066 aut
135 3013 248 3066 tantum
270 3005 363 3068 liuere
385 3018 435 3069 aut
457 3008 578 3069 totidem
601 3007 709 3070 durare
730 3027 785 3087 per
808 3025 910 3068 annos
1019 3012 1068 3066 100

61 3107 123 3150 non
146 3109 200 3168 ego
225 3099 267 3161 te,
292 3090 336 3151 dis
359 3098 388 3151 et
408 3095 518 3153 mensis
541 3100 661 3170 accepta
684 3092 829 3162 secundis,

62 3176 245 3242 transierim,
269 3173 398 3244 Rhodia,
424 3183 453 3236 et
475 3175 607 3245 tumidis,
631 3175 782 3250 humane,
803 3179 937 3236 racemis.

63 3257 115 3319 sed
137 3276 234 3334 neque
256 3275 342 3337 quarn
364 3258 473 3319 multae
488 3260 617 3337 species,
642 3276 696 3318 nec
717 3258 835 3317 nomina
858 3274 933 3334 quae
956 3261 1022 3328 sint,

64 3347 110 3403 est
130 3359 288 3407 numerus:
312 3358 409 3418 neque
432 3344 509 3402 enlm
532 3359 657 3402 numero
680 3341 893 3419 comprendere
914 3343 1022 3410 reiert余

65 3442 153 3502 quem
176 3425 225 3501 qui
248 3426 325 3485 scire
346 3424 432 3496 velit,
456 3425 556 3503 Libyci
578 3422 647 3484 velit
668 3425 805 3502 aequoris
827 3424 904 3484 idem
1017 3432 1066 3484 105
