2400 3878
147 212 209 273 240
466 225 609 271 vnnorm
635 225 760 274 anums
776 226 842 275 vni

149 382 271 460 erigitur
292 381 457 459 summique
481 379 548 440 ierit
568 380 696 440 lacuaria
713 381 791 441 tecti.

148 483 206 526 nox
229 472 299 533 erat,
323 473 351 524 et
373 473 467 524 terras
489 462 623 523 animalia
645 463 721 524 iessa
742 482 797 544 per
818 467 913 526 omnis

148 548 267 609 alituum
289 546 493 625 pecudumque
516 564 609 624 genus
630 564 720 625 sopor
741 547 817 608 altus
838 547 979 610 habehat:

148 650 214 693 cum
233 640 316 709 pater
337 633 367 691 in
389 632 453 710 ripa
475 628 620 709 gelidique
638 630 693 690 suh
716 631 842 692 aetheris
867 650 921 694 axe

147 718 268 784 Aeneas,
291 716 367 775 tristi
390 715 524 775 turbatus
546 723 667 792 pectora
686 713 773 786 bello,

146 799 306 879 procubuit
325 816 480 876 seramque
501 798 579 858 dedit
600 816 654 877 per
676 799 809 861 membra
828 800 965 879 quietem.

148 885 215 944 huic
238 884 309 944 deus
329 885 393 962 lpse
411 881 467 942 loci
486 882 573 942 ilurio
597 881 754 944 Tiberinus
777 900 900 945 amoeno

147 967 288 1047 populeas
310 968 385 1027 inter
406 967 504 1027 senior
527 984 559 1026 se
578 965 709 1028 attollere
731 967 850 1029 frondes

147 1052 225 1110 visus
249 1051 325 1129 (eum
347 1053 444 1112 tenuis
464 1050 569 1127 glauco
590 1049 704 1111 velabat
726 1052 833 1112 amictu

147 1132 296 1204 carbasus,
320 1142 349 1195 et
368 1135 457 1194 crinis
477 1134 614 1194 umbrosa
637 1135 753 1212 tegebat
775 1134 930 1216 harundo),

147 1225 206 1279 tum
231 1219 273 1278 sic
295 1218 388 1278 adfari
409 1226 438 1278 et
460 1235 545 1277 ouras
566 1218 611 1277 his
633 1218 752 1281 demere
773 1218 871 1280 dictis:

189 1301 230 1361 Ὀ
254 1311 315 1362 sate
336 1308 421 1379 gente
441 1302 537 1369 deum,
560 1299 719 1362 Troianam
738 1322 772 1364 er
793 1302 926 1364 hostibus
947 1303 1056 1368 urbem

147 1388 196 1463 qui
217 1385 332 1446 revehis
354 1386 439 1445 nobis
459 1393 637 1464 aeternaque
660 1386 802 1463 Pergama
823 1404 931 1456 servas,

146 1478 296 1548 expectate
316 1467 378 1529 solo
401 1469 539 1530 Laurenti
559 1472 694 1549 arvisque
711 1470 828 1541 Latinis,

146 1554 193 1615 hic
213 1553 265 1616 tibi
287 1562 366 1615 certa
390 1553 502 1621 domus,
526 1554 598 1613 certi
620 1552 668 1631 (ne
689 1553 806 1629 absiste)
827 1559 964 1633 penates;

146 1656 203 1699 neu
225 1637 294 1699 belli
314 1647 428 1699 terrere
451 1638 550 1697 minis:
576 1645 674 1720 tumor
694 1639 790 1698 omnis
809 1645 838 1698 et
856 1638 918 1699 irae

146 1739 320 1783 concessere
341 1722 438 1781 deum.

146 1805 276 1885 [iamque
298 1803 359 1873 tibi,
382 1822 421 1864 ne
444 1823 516 1865 vana
535 1812 620 1884 putes
642 1806 715 1865 haec
737 1806 849 1884 tingere
868 1823 1018 1875 somnum,

145 1888 256 1949 litoreis
274 1891 377 1965 ingens
400 1889 515 1948 inventa
537 1887 592 1948 suh
614 1887 730 1950 ilicibus
751 1907 811 1959 sus,

147 1974 261 2050 triginta
287 1973 415 2051 capitum
438 1972 514 2032 letus
536 1972 629 2042 enixa,
653 1973 766 2043 iacebit,

145 2055 218 2125 alba,
239 2054 302 2116 solo
322 2055 479 2125 recubans,
500 2055 557 2115 albi
580 2057 691 2116 circum
711 2056 803 2119 ubera
824 2060 892 2120 nati.

145 2159 179 2201 eu
202 2157 260 2217 quo
283 2147 328 2199 ter
352 2140 434 2199 denis
454 2139 558 2201 urbem
582 2140 775 2201 redeuntibus
797 2143 880 2203 aunis

144 2225 283 2284 Ascanius
306 2221 377 2283 olari
399 2223 506 2284 condet
525 2225 706 2300 cognominis
725 2224 838 2286 Albam.

143 2308 214 2368 haut
235 2309 345 2368 incerta
367 2305 464 2387 cano]
499 2325 577 2367 nunc
601 2326 657 2385 qua
678 2309 791 2371 ratione
809 2309 888 2388 quod
907 2311 999 2373 instat

144 2392 280 2470 expedias
302 2391 402 2460 victor,
425 2392 526 2469 paucis
544 2392 680 2471 (adverte)
701 2392 825 2455 docebo.

143 2477 270 2537 Arcades
292 2474 337 2534 his
359 2476 427 2543 oris,
451 2493 545 2552 genus
566 2494 582 2535 a
604 2475 733 2538 Pallante
754 2477 930 2557 proiectum,

143 2562 192 2639 qui
214 2579 314 2639 regem
337 2559 507 2621 Euandrum
530 2560 659 2629 comites,
683 2561 732 2640 qui
754 2563 836 2640 signa
858 2562 962 2633 secuti,

143 2645 279 2722 delegere
300 2642 396 2705 locum
420 2651 449 2705 et
471 2663 598 2724 posuere
619 2646 648 2706 in
671 2645 819 2706 montibus
840 2644 948 2707 urbem

142 2728 278 2788 Pallantis
300 2729 401 2805 proavi
425 2728 460 2788 de
484 2731 603 2789 nomine
623 2728 815 2790 Pallanteum.

141 2811 170 2870 hi
190 2810 299 2872 bellum
322 2812 443 2871 adsidue
464 2813 573 2872 ducunt
596 2831 662 2872 cum
683 2820 770 2892 gente
791 2813 908 2882 Latina;

141 2893 196 2953 hos
218 2896 319 2954 castris
340 2894 445 2955 adhibe
467 2897 564 2955 socios
585 2903 614 2955 et
635 2896 755 2957 loedere
776 2897 875 2978 lunge.

141 2979 204 3055 ipse
228 2994 282 3054 ego
304 2985 333 3036 te
351 2978 422 3054 ripis
443 2985 471 3038 et
493 2986 574 3037 recto
595 2978 715 3041 llumine
734 2980 849 3052 ducam,

141 3061 294 3121 adversum
317 3063 406 3119 remis
427 3078 549 3140 superes
572 3062 727 3124 subvectus
750 3072 782 3126 ut
804 3083 931 3128 amnem.

140 3161 228 3222 surge
250 3162 312 3222 age,
336 3150 402 3203 nate
425 3145 488 3214 dea,
510 3147 672 3225 primisque
694 3148 866 3211 cadentibus
887 3150 975 3212 astris

139 3228 242 3288 lunoni
262 3229 379 3290 territe
401 3246 505 3306 preces
526 3230 659 3310 iramque
680 3234 832 3311 minasque

140 3311 321 3390 supplicibus
343 3330 449 3390 supera
472 3315 553 3374 votis.
586 3314 657 3374 mihi
679 3318 771 3377 victor
794 3318 940 3380 honorem

145 3427 339 3439 ——n—--u-

137 3479 183 3539 hio
201 3483 278 3541 locus
294 3483 370 3541 urbis
387 3485 447 3547 erit,
466 3487 573 3557 requies
589 3503 621 3543 ea
638 3496 711 3544 certa
730 3486 855 3546 laborum
