2400 3878
392 200 536 250 ruscum
557 200 683 250 snunrs
698 200 753 249 1111
1018 187 1079 252 tas

59 355 206 418 Caucasus
227 357 438 438 Hyrcanaeque
456 356 612 417 admorunt
633 354 726 416 ubera
746 357 844 434 tigres.

58 457 126 500 nam
148 439 220 517 quid
246 439 396 502 dissimulo
417 447 467 501 aut
487 458 562 518 quae
582 457 630 499 me
652 439 688 499 ad
711 441 822 501 maiora
842 438 980 502 reserroi

58 541 129 584 num
151 521 221 583 fetu
240 525 382 602 ingemuit
402 523 521 584 nostro?
543 540 614 585 num
632 522 741 584 lumina
762 523 859 584 flexiti

58 624 130 666 num
151 605 288 667 lacrimas
304 609 397 668 rictus
418 607 498 667 dedit
522 613 572 668 aut
588 607 743 668 miseratus
765 605 958 666 amantemsti
1028 614 1080 669 3⁷0

58 707 134 768 quae
152 689 258 768 quibus
280 690 458 752 anteferam?
479 691 537 751 iam
559 692 617 751 iam
637 708 693 751 nec
710 691 835 751 maxima
855 691 926 751 luno

57 790 114 833 nec
136 772 290 834 Saturnius
309 775 383 836 haec
404 773 496 835 oculis
514 780 598 853 pater
619 775 722 853 aspicit
742 775 850 852 aequis.

57 873 203 935 nusquam
223 864 286 920 tuta
307 859 390 920 fides.
435 859 559 919 eiectum
580 858 680 928 litore,
704 865 837 937 egentem

58 941 160 1017 excepi
182 949 211 1001 ct
231 943 316 1018 regni
341 942 463 1003 demens
484 942 514 1002 in
535 949 620 1020 parte
640 941 732 1003 locavi

59 1023 209 1104 [amissam
231 1024 371 1097 classem,
393 1027 488 1086 socios
506 1043 523 1086 a
543 1033 639 1086 morte
659 1022 778 1106 reduxi]
1028 1029 1079 1087 375

58 1105 126 1185 (heu
148 1108 231 1169 furiis
250 1110 369 1172 incensa
390 1109 497 1188 feror):
520 1127 599 1170 nunc
620 1127 715 1188 augur
732 1107 850 1187 Apollo,

57 1209 136 1253 nunc
157 1191 261 1271 Lyciae
280 1201 389 1264 sortes,
418 1211 497 1253 nunc
520 1202 549 1255 et
568 1194 635 1254 lore
656 1194 762 1254 missus
782 1190 818 1253 ab
839 1191 902 1268 ipso

57 1277 202 1353 interpres
226 1277 322 1336 divom
343 1277 400 1337 lert
419 1277 539 1338 horrida
560 1279 639 1338 iussa
660 1295 714 1355 per
736 1293 832 1337 auras.

57 1358 166 1419 scilicet
186 1361 210 1418 is
230 1361 344 1437 superis
364 1359 448 1419 labor
471 1368 529 1430 est,
553 1378 587 1422 ea
607 1378 680 1421 cura
699 1362 812 1438 quietos

56 1441 200 1502 sollicitat.
244 1460 340 1518 neqm
360 1451 390 1503 te
410 1449 496 1502 teneo
518 1461 614 1521 neque
636 1444 713 1503 diota
732 1439 850 1503 refello:
1029 1445 1081 1501 380

57 1527 81 1595 i,
105 1542 230 1603 sequere
252 1525 363 1587 ltaliam
383 1526 492 1594 ventis,
513 1534 581 1603 pete
601 1542 694 1602 regna
714 1542 768 1602 per
788 1523 892 1584 undas.

57 1626 145 1687 spero
168 1608 303 1687 equidem
324 1608 443 1676 mediis,
465 1608 560 1686 siquid
582 1610 630 1686 pia
650 1609 769 1668 numina
786 1613 923 1685 possunt,

57 1691 199 1770 supplicia
219 1693 382 1752 hausurum
401 1691 529 1768 scopulis
551 1699 580 1753 et
601 1692 719 1751 nomine
737 1691 810 1751 Dido

57 1793 145 1853 saepe
163 1784 344 1836 vocaturum.
389 1793 495 1854 sequar
519 1777 589 1836 atris
609 1775 727 1855 ignibus
749 1772 869 1840 absens,

58 1867 100 1929 et,
124 1877 192 1920 cum
212 1860 316 1937 frigida
337 1877 418 1918 mors
437 1861 532 1920 anima
554 1859 704 1920 seduxerit
726 1863 824 1928 artus,
1030 1865 1080 1920 38⁵

58 1943 196 2004 omnibus
223 1941 330 2004 umbra
363 1942 436 2004 locis
456 1944 555 2004 adero.
600 1943 696 2012 dabis,
719 1941 869 2019 improbe,
892 1956 1012 2018 poenas.

56 2025 210 2104 ¹[audiam.
231 2033 260 2088 et
281 2028 355 2088 haec
376 2028 470 2087 manis
491 2028 585 2088 reniet
604 2027 676 2088 mihi
697 2026 774 2086 fama
795 2023 850 2085 sub
871 2024 982 2105 imos.]’

56 2110 102 2172 his
122 2111 251 2172 medium
277 2110 362 2171 dictis
383 2128 551 2172 sermonem
572 2110 721 2189 abrumpit
743 2116 772 2171 et
794 2126 880 2170 auras

57 2212 145 2272 aegra
167 2195 241 2272 fugit
262 2212 352 2273 seque
373 2212 409 2255 ex
431 2193 524 2256 oculis
546 2196 650 2256 avertit
672 2202 701 2254 et
719 2194 828 2262 aufert,

56 2277 191 2355 linquens
212 2276 303 2338 multa
323 2284 404 2339 metu
426 2286 611 2339 cunctantem
631 2286 661 2338 et
681 2276 772 2338 multa
792 2282 945 2355 parantem
1030 2285 1092 2352 39⁰·

57 2361 166 2421 dicere.
210 2362 374 2438 succipiunt
395 2361 522 2422 famulae
544 2359 740 2438 conlapsaque
761 2358 894 2421 membra

57 2461 224 2503 marmoreo
246 2443 380 2504 referunt
398 2442 525 2504 thalamo
548 2446 703 2520 stratisque
717 2449 873 2518 reponunt.

99 2527 136 2586 lt
156 2527 222 2603 pius
245 2527 371 2595 deneas,
393 2543 570 2603 quamquam
591 2526 684 2585 lenire
706 2523 852 2583 dolentem

57 2608 179 2669 solando
202 2609 283 2686 cupit
304 2615 333 2668 et
354 2607 438 2668 dictis
458 2615 590 2668 avertere
614 2624 715 2675 curas,

55 2690 163 2773 [multa
179 2711 300 2771 gemens
315 2709 481 2770 magnoque
497 2692 627 2751 animum
648 2689 808 2750 labefactus
829 2689 941 2767 amore]
1030 2694 1081 2750 ³95

58 2778 136 2836 iussa
157 2783 255 2835 tamen
279 2774 375 2834 divom
398 2776 567 2853 exsequitur
586 2774 766 2852 classemque
788 2773 896 2834 revisit.

57 2867 120 2921 tum
141 2876 212 2920 vero
235 2858 342 2918 Teucri
364 2858 537 2919 incumbunt
557 2864 585 2918 et
605 2858 691 2919 litore
713 2856 803 2918 celsas

58 2943 207 3004 deducunt
225 2949 286 3003 toto
304 2942 395 3002 navis.
439 2949 520 3002 natat
541 2949 629 3003 uncta
652 2941 767 3011 carina,

57 3028 278 3105 frondentisque
299 3027 399 3087 ferunt
418 3043 517 3087 remos
539 3034 575 3095 et,
588 3024 698 3086 robora
721 3023 798 3086 silvis

60 3110 232 3171 infabricata
252 3111 337 3187 fugae
357 3109 463 3171 studio.

59 3196 209 3272 migrantis
227 3211 330 3254 cernas
350 3200 469 3272 totaque
490 3210 527 3254 ex
547 3192 622 3253 urhe
643 3192 764 3253 ruentis.

59 3296 94 3338 ac
113 3276 190 3338 velut
210 3279 358 3353 ingentem
380 3277 521 3338 formicae
543 3276 630 3336 farris
651 3291 786 3335 acervom

60 3378 128 3422 cum
146 3359 287 3439 populant
308 3360 412 3421 hiemis
432 3377 578 3422 memores
598 3366 734 3436 tectoque
756 3363 917 3435 reponunt:

60 3446 83 3506 it
104 3443 221 3522 nigrum
239 3444 349 3522 campis
367 3461 472 3522 agmen
493 3443 692 3522 praedamque
714 3457 768 3518 per
789 3439 897 3519 herbas
