2454 3936
139 146 201 206 rto
469 155 613 204 runouu
639 155 763 204 nunnus
781 157 816 203 rx

139 313 300 392 suspiciens
322 310 423 383 altum,
441 311 554 372 Lunam
575 312 618 372 sic
638 328 709 372 voce
731 318 883 388 precatur:

140 405 195 467 ‘tu,
216 395 279 466 dea,
303 404 332 457 tu
355 413 496 475 praesens
517 404 619 455 nostro
640 412 780 456 succurre
801 394 904 465 labori,

139 488 287 540 astrorum
312 479 402 542 decus
426 486 455 540 et
477 497 629 539 nemorum
652 479 772 538 Latonia
793 487 900 539 custos.
1102 486 1155 538 tob

138 565 220 643 siqua
243 565 300 624 tuis
322 581 462 643 umquam
485 580 607 640 prome
629 568 712 638 pater
733 563 876 642 Hyrtacus
899 565 956 622 aris

139 648 215 709 dona
238 647 312 718 tulit,
335 649 416 725 siqua
439 648 501 724 ipse
523 648 595 706 meis
618 645 768 708 venatibus
790 649 857 707 auxi

139 731 315 812 suspendive
335 729 417 790 tlrolo
439 739 488 791 ant
510 747 591 789 sacra
615 730 649 788 ad
673 730 786 808 lastigia
807 731 874 791 fixi:

139 815 219 876 bimo
241 816 303 877 sine
327 833 375 875 me
393 813 514 875 turbare
536 812 656 890 globum
680 823 708 875 et
727 831 798 892 rege
815 813 871 874 tela
895 832 946 892 per
972 816 1078 876 auras!

139 899 260 969 dixerat,
284 909 313 960 et
334 906 395 958 toto
418 899 540 958 conixus
563 915 688 976 corpore
711 898 822 959 lcrrum
1100 904 1151 957 411

140 984 264 1044 conicit:
286 982 367 1043 hasta
391 981 491 1042 volans
513 983 605 1042 noctis
629 981 794 1043 diverberat
813 981 932 1042 umbras

139 1074 167 1126 et
186 1068 264 1128 venit
285 1084 377 1127 aversi
398 1067 428 1126 in
450 1073 564 1143 tergum
588 1065 734 1126 Sulmonis
757 1066 855 1145 ibique

139 1150 287 1227 frangitur
309 1168 343 1211 ac
364 1150 432 1210 fisso
452 1151 556 1209 transit
576 1150 747 1226 praecordia
770 1150 859 1229 ligno.

139 1232 264 1294 volutor
287 1232 335 1294 ille
357 1251 476 1294 vomens
499 1231 624 1294 calidum
647 1234 824 1312 depectere
847 1234 955 1296 llumen

138 1317 262 1396 frigidus
285 1324 314 1378 et
336 1317 428 1395 longis
452 1315 625 1397 singultibus
647 1317 693 1378 ilia
712 1317 817 1396 pulsat.
1101 1323 1152 1373 tto

139 1402 244 1463 diversi
268 1402 515 1480 circumspiciunt.
549 1402 605 1462 hoc
627 1404 723 1462 acrior
744 1402 820 1464 idem

138 1504 207 1547 acce
230 1484 305 1546 aliud
329 1503 442 1547 summa
466 1485 555 1547 telum
579 1485 705 1546 librabat
727 1486 763 1548 ab
786 1505 866 1548 aure.

138 1570 208 1631 dum
231 1568 387 1647 trepidant,
410 1571 432 1629 it
451 1570 532 1630 basta
553 1570 631 1648 Tago
653 1588 707 1648 per
729 1578 843 1650 tempus
864 1578 1023 1648 utrumque

137 1652 263 1713 stridens
283 1653 463 1732 traiectoque
483 1654 576 1714 haesit
599 1657 742 1733 tepefacta
765 1655 899 1716 cerebro.

138 1737 227 1798 saeuit
248 1743 330 1798 atrox
352 1737 474 1798 Volcens
495 1756 551 1798 nec
572 1738 621 1798 teli
645 1740 787 1817 conspicit
808 1757 932 1818 usquam
1099 1744 1152 1794 420

139 1828 289 1882 auctorem
309 1837 366 1881 nec
388 1839 446 1898 quo
469 1839 501 1881 se
524 1821 630 1881 ardens
656 1824 804 1883 inmittere
826 1825 927 1901 possit.

139 1913 184 1965 ‘tu
206 1911 303 1966 tamen
326 1906 437 1964 interea
461 1904 555 1964 calido
578 1905 648 1964 mibi
672 1907 813 1981 sanguine
835 1924 946 1983 poenas

137 1989 286 2068 persolves
310 1987 480 2049 amborum'
500 1989 608 2065 inquit;
630 1987 714 2049 simul
738 2007 807 2051 ense
829 1989 945 2051 recluso

137 2073 198 2134 ibat
217 2075 247 2133 in
270 2071 438 2152 Euryalum.
473 2079 534 2133 tum
558 2089 626 2134 roro
648 2074 812 2143 exterritus,
837 2092 936 2135 amens

138 2156 303 2218 conclamat
324 2157 419 2227 Nisus,
442 2175 497 2218 nec
514 2173 546 2218 se
569 2155 665 2218 celare
689 2156 820 2218 tenebris
1099 2164 1151 2215 421

138 2241 263 2320 amplius
291 2250 340 2301 aut
361 2247 472 2302 tantum
492 2242 585 2319 potuit
606 2240 740 2318 perlcrre
761 2241 903 2303 dolorem.

141 2329 201 2385 ‘me
225 2343 272 2386 me
295 2324 407 2403 (adsum
431 2327 479 2402 qui
500 2326 577 2406 ieci),
602 2327 630 2385 in
651 2345 698 2388 me
719 2328 878 2387 convertite
899 2325 1021 2397 serrum,

136 2407 285 2469 oltutuli!
310 2427 374 2468 mea
398 2408 477 2469 lraus
500 2411 610 2478 omnis;
634 2409 704 2471 nibil
724 2412 777 2472 iste
799 2428 854 2472 nec
878 2427 965 2472 ausus

136 2509 192 2553 uec
212 2494 306 2569 potuit
330 2491 451 2570 (caelum
475 2494 532 2554 boo
554 2502 582 2554 et
602 2498 716 2556 conscia
736 2495 833 2556 sidera
855 2495 968 2574 testor),

135 2581 248 2635 tantum
270 2575 416 2638 infelicem
440 2578 560 2638 nimium
582 2578 681 2640 dilexit
700 2581 845 2648 amicum,'
1099 2585 1151 2636 430

137 2656 205 2719 talia
227 2657 302 2721 dicta
327 2659 427 2732 dabat;
450 2663 501 2724 sed
523 2662 634 2723 viribus
655 2665 732 2724 ensis
754 2663 874 2723 adactus

136 2741 289 2802 transabiit
312 2752 406 2804 costas
429 2753 457 2806 ct
478 2745 599 2807 candida
620 2755 740 2824 pectora
762 2747 882 2823 rumpit.

136 2823 260 2886 volvitur
280 2826 422 2905 Euryalus
445 2828 512 2900 leto,
536 2828 735 2908 pulchrosque
757 2846 811 2906 per
834 2835 914 2887 artus

136 2909 159 2968 it
179 2926 278 2978 cruor,
300 2911 388 2987 inque
407 2930 525 2971 umeros
549 2913 643 2973 cervix
665 2910 801 2990 conlapsa
824 2908 984 2969 recumbit:

136 3010 303 3071 purpureus
326 2993 414 3054 veluti
436 3012 501 3054 cum
519 2994 573 3055 llos
592 2995 724 3056 succisus
745 2999 842 3055 aratro
1097 3002 1149 3053 aad

137 3075 297 3154 languescit
317 3078 446 3138 moriens
468 3076 580 3140 lassove
599 3096 743 3156 papavera
768 3075 842 3136 collo

136 3161 280 3223 demisere
303 3170 397 3238 caput,
419 3160 515 3239 pluu'a
539 3181 604 3222 cum
627 3162 703 3222 forte
725 3166 892 3239 gravantur.

137 3252 164 3306 at
185 3245 271 3307 Nisus
290 3247 350 3306 ruit
369 3247 400 3305 in
422 3245 534 3306 medios
553 3245 706 3324 solumque
727 3262 781 3324 per
803 3244 897 3303 omnis

136 3328 304 3391 Volcentem
327 3331 406 3408 petit,
431 3331 459 3389 in
481 3328 542 3389 solo
564 3327 701 3389 Volcente
724 3334 864 3390 moratur.

137 3431 224 3492 quem
236 3415 348 3475 circum
365 3412 519 3493 glomerati
533 3412 630 3472 hostes
646 3411 715 3472 binc
727 3414 889 3475 comminus
907 3418 993 3494 atque
1008 3410 1076 3472 binc
1096 3418 1146 3468 444
