2400 3878
347 230 489 278 venenu
511 231 711 280 unossnlcou
730 231 770 279 111

58 387 110 446 sed
123 391 183 444 tota
204 386 233 444 in
257 383 349 445 dulcis
371 395 544 446 consument
565 385 657 447 ubera
678 394 771 446 natus.

101 467 152 527 Sin
174 467 209 527 ad
232 466 306 528 bella
329 470 420 546 magis
442 469 569 529 studium
591 477 762 547 turmasque
784 470 899 540 ferocis,

59 548 238 628 autdlphea
260 552 331 610 rutis
353 551 483 629 praelabi
504 553 623 613 llumiua
645 553 729 614 Pisae

60 641 88 695 et
109 634 183 694 levis
204 635 234 694 in
255 633 321 695 luce
344 653 449 695 currus
470 637 581 714 agitare
601 634 740 696 volantis:

58 719 171 795 primus
193 719 260 796 equi
282 717 365 778 labor
388 726 444 788 est,
467 721 579 780 animos
601 727 688 798 atque
711 737 793 779 arma
815 718 913 779 ridere

58 800 218 862 bellantum
239 800 384 880 lituosque
405 803 465 880 pati
485 810 639 881 tractuque
661 810 825 880 gementem

58 885 139 945 ferre
159 891 253 945 rotam
276 892 305 945 et
326 885 440 946 stabulo
463 886 562 947 irenes
584 888 686 948 audire
707 886 852 954 sonantis;

59 975 120 1028 tum
143 969 234 1047 magis
255 977 341 1048 atque
363 972 455 1048 magis
477 970 589 1031 blandis
611 969 740 1049 gaudere
761 969 892 1047 magistri

59 1050 194 1112 laudibus
216 1060 245 1113 et
266 1052 384 1131 plausae
406 1055 533 1115 sonitum
556 1056 677 1116 cervicis
698 1071 806 1114 amare.

59 1143 146 1213 atque
167 1135 240 1196 haec
261 1138 318 1197 iam
339 1138 434 1215 primo
457 1137 596 1217 depulsus
617 1137 653 1198 ab
676 1137 768 1198 ubere
789 1136 890 1197 matris

59 1220 180 1289 audeat,
203 1220 292 1297 inque
313 1221 405 1281 ricem
427 1223 476 1282 det
497 1221 633 1283 mollibus
656 1239 707 1281 ora
730 1221 864 1300 capistris

58 1300 200 1362 invalidus
222 1304 366 1382 etiamque
386 1313 531 1376 tremens,
554 1305 640 1367 etiam
663 1305 771 1365 inscius
793 1305 864 1365 aevi.

60 1392 90 1446 at
110 1385 205 1446 tribus
227 1388 335 1446 exactis
357 1387 407 1447 ubi
429 1395 531 1467 quarta
553 1390 698 1466 acceperit
719 1395 822 1455 aestas,

60 1486 272 1546 carperemus
294 1488 397 1548 gyrum
419 1472 537 1549 incipiat
558 1471 755 1548 gradibusque
777 1486 883 1528 sonare

60 1552 244 1630 compositis,
268 1554 421 1631 sinuetque
443 1554 554 1614 alterna
577 1553 722 1613 volumina
745 1570 875 1619 crurum,

59 1637 155 1714 sitque
176 1634 320 1696 laboranti
342 1635 459 1705 similis;
482 1644 544 1697 tum
567 1635 702 1697 cursibus
723 1652 810 1695 auras

59 1726 212 1797 provocet,
235 1737 269 1779 ac
290 1737 345 1796 per
366 1727 465 1797 aperta
486 1719 586 1781 velans
609 1738 662 1780 ceu
684 1719 759 1779 liber
780 1717 902 1778 habenis

60 1820 187 1880 aequora
210 1803 255 1861 vix
277 1821 391 1864 summa
412 1804 530 1882 vestigia
552 1811 641 1882 ponat
662 1803 789 1870 harena;

61 1885 153 1964 qualis
174 1886 365 1965 hyperboreis
387 1886 483 1966 aquilo
506 1905 573 1947 cum
595 1887 703 1947 densus
725 1886 761 1946 ab
785 1886 843 1944 oris

60 1970 203 2038 incubuit,
228 1970 420 2049 Scythiaeque
441 1971 552 2032 hiemes
574 1978 661 2049 atque
683 1969 762 2029 arida
785 1969 880 2029 diilert

59 2052 173 2113 nubila:
195 2060 257 2113 tum
279 2061 394 2132 segetes
415 2055 489 2115 altae
511 2057 664 2132 campique
685 2060 817 2113 natantes

60 2135 174 2197 lenibus
195 2136 369 2198 horrescunt
389 2138 504 2208 llabris,
527 2155 717 2215 summaeque
738 2154 875 2195 sonorem

60 2220 130 2279 dant
151 2218 253 2290 silvae,
276 2220 414 2300 longique
435 2229 543 2300 urgent
564 2221 600 2282 ad
622 2221 707 2280 litora
730 2220 850 2287 iluctus;
1015 2228 1067 2282 '200

60 2302 109 2363 ille
130 2302 206 2363 volat
227 2303 313 2365 simul
334 2322 402 2366 arra
424 2306 492 2382 luga
514 2304 600 2365 simul
621 2322 748 2383 aequora
770 2321 901 2363 verrens.

60 2385 129 2445 hinc
150 2385 195 2447 rel
217 2387 253 2446 ad
276 2387 337 2448 Elei
354 2396 445 2449 metas
468 2396 496 2449 et
517 2389 643 2449 maxima
665 2388 760 2465 campi

61 2469 177 2529 sudabit
198 2471 288 2547 spatia
312 2478 341 2530 et
362 2489 481 2548 spumas
503 2479 568 2546 aget
590 2489 642 2530 ore
665 2478 809 2537 cruentas,

61 2550 179 2629 Belgica
200 2551 245 2610 rel
267 2551 347 2610 molli
368 2553 472 2612 melius
494 2553 568 2612 ieret
590 2553 691 2612 esseda
714 2550 797 2612 collo.

61 2642 124 2695 tum
146 2632 264 2694 demum
288 2652 384 2694 crassa
406 2653 545 2713 maguum
567 2637 714 2711 farragine
736 2651 844 2711 cerpus
1017 2642 1068 2695 205

62 2735 197 2779 crescere
218 2719 275 2778 iam
297 2716 413 2778 deuritis
435 2718 534 2778 sinito:
562 2737 689 2796 namque
710 2724 777 2777 ante
800 2715 977 2776 domandum

61 2802 187 2878 ingentis
207 2799 310 2861 tollent
330 2803 456 2872 animos,
480 2803 637 2879 prensique
658 2800 806 2880 negabunt

61 2885 183 2946 verbera
203 2884 281 2946 lenta
302 2887 361 2963 pati
384 2893 412 2946 et
433 2886 515 2946 duris
535 2903 641 2964 parere
662 2886 776 2964 lupatis.

104 2969 162 3030 Sed
184 2987 243 3029 ncn
265 2967 323 3029 ulla
344 2971 437 3046 magis
458 2970 526 3029 viris
548 2971 689 3030 industria
710 2970 815 3037 firmat,

62 3071 149 3130 quam
172 3053 313 3114 Venerem
336 3060 366 3114 et
387 3055 465 3114 caeci
487 3054 619 3114 stimules
640 3061 773 3114 avertere
795 3069 912 3120 amoris,
1017 3061 1069 3113 nlo

62 3136 129 3196 sire·
142 3135 248 3196 borum
271 3138 329 3196 sire
352 3146 396 3198 est
417 3139 485 3215 quoi
507 3139 617 3214 gratior
639 3154 710 3196 usus
732 3153 884 3214 equorum.

62 3225 149 3297 atque
170 3219 235 3279 iden
257 3226 356 3280 muros
377 3219 481 3298 procul
502 3228 589 3298 atque
611 3223 640 3280 in
663 3218 723 3279 sola
744 3218 876 3294 relegant

62 3319 170 3381 pascua
192 3310 257 3379 post
278 3311 407 3364 montem
430 3305 595 3381 oppositum
618 3312 647 3362 et
668 3309 749 3360 trans
770 3300 891 3360 llumina
911 3300 978 3364 lata.

63 3391 113 3445 aut
133 3386 211 3444 intus
232 3384 346 3446 clausos
369 3394 466 3447 satura
488 3387 525 3445 ad
547 3385 716 3464 praesaepia
739 3390 863 3443 servant.

65 3468 157 3547 carpit
179 3469 256 3527 enim
276 3469 345 3528 viris
367 3467 504 3546 paulatim
526 3470 644 3547 uritque
665 3467 791 3527 ridendo
1018 3472 1070 3526 21⁶
