2400 3878
396 214 537 261 vnnonn
559 213 734 262 aurarem
1010 198 1071 261 325

65 372 146 436 dixit,
167 379 195 429 at
218 367 265 428 illa
288 368 389 428 lurens
411 372 529 446 aerique
552 386 673 428 accensa
695 368 796 429 dolore

67 454 154 516 tradit
177 471 261 513 ecum
287 453 384 511 comiti
402 452 580 529 paribusque
602 453 710 511 resistit
730 452 759 510 in
782 452 879 519 armis,
1022 457 1073 527 310

65 555 136 600 ense
157 536 248 614 pedes
269 534 349 594 nudo
374 554 506 613 puraque
527 536 660 595 interrita
682 554 793 612 parma.

66 632 95 682 at
117 621 239 687 iuvenis,
261 619 363 678 vicisse
384 618 451 677 dolo
474 628 563 688 ratus
587 618 680 678 avolat
701 621 764 697 ipse

66 704 148 783 (haut
169 704 261 780 mora)
286 703 493 779 conversisque
515 702 602 778 fugax
624 704 764 763 aufertur
779 701 899 762 habenis

66 785 336 866 quadripedemque
358 785 448 851 cilum
470 786 576 845 ferrata
601 786 682 846 calce
703 787 812 864 fatigat.

67 880 156 930 ‘rane
176 869 265 947 Ligus
287 869 455 946 frustraque
477 869 580 927 animis
599 868 673 929 elate
693 870 836 947 superbis,
962 928 963 931 ,
1022 875 1072 924 tlt

67 953 243 1032 nequiquam
264 953 373 1030 patrias
395 953 541 1030 temptasti
563 951 693 1012 lubricus
716 955 797 1023 artis,

57 1055 122 1103 ,nec
141 1037 223 1097 fraus
245 1046 273 1096 te
295 1036 472 1095 ineolumem
493 1034 588 1095 laliaci
609 1038 738 1114 perferet
758 1037 860 1106 huno‚'

67 1122 140 1181 haec
161 1120 238 1180 latur
260 1121 340 1197 virgo
361 1129 389 1179 et
407 1119 577 1196 pernicibus
599 1120 684 1196 ignea
706 1121 810 1198 plantis

67 1205 169 1265 transit
188 1221 273 1263 eoum
297 1221 387 1263 cursu
410 1203 560 1280 frenisque
581 1204 703 1265 adversa
725 1205 878 1282 prehensis

67 1287 255 1364 congreditur
278 1304 446 1365 poenasque
466 1289 584 1347 inimico
604 1307 639 1347 ex
659 1291 802 1364 sanguine
823 1291 924 1348 sumit:
1022 1296 1074 1344 720

68 1390 155 1450 qnam
175 1371 259 1430 lacile
279 1371 416 1446 accipiter
438 1389 508 1430 saxo
530 1389 614 1430 sacer
635 1371 694 1432 ales
714 1372 749 1430 ab
772 1371 829 1431 alto

67 1456 257 1532 consequitur
279 1454 374 1531 pinnis
397 1454 552 1514 sublimem
579 1456 608 1513 in
630 1455 707 1514 nube
729 1455 893 1514 columbam

67 1556 331 1616 comprensamque
352 1544 431 1598 tenet
455 1537 636 1614 pedibusque
659 1540 799 1598 eviscerat
821 1538 919 1604 uncis;

67 1632 129 1682 turn
149 1639 238 1682 cruor
260 1631 289 1681 et
311 1619 407 1681 volsae
428 1621 567 1680 labuntur
590 1622 626 1680 ab
649 1622 767 1681 aethere
788 1621 913 1700 plumae.

110 1707 147 1766 tt
166 1723 225 1765 non
247 1704 322 1765 haec
342 1704 430 1764 nullis
451 1705 601 1764 hominum
623 1716 702 1765 sator
725 1717 812 1782 atque
833 1705 956 1764 deorum
1023 1712 1075 1761 725

68 1789 226 1849 observans
252 1787 343 1848 oculis
364 1807 479 1849 summo
503 1789 585 1849 sedet
605 1789 679 1849 altus
704 1789 842 1868 Olympo:

68 1872 255 1950 Tyrrhenum
277 1874 391 1948 genitor
413 1872 599 1933 Tarchonem
618 1875 648 1933 hr
671 1874 782 1953 proelia
804 1891 888 1932 saeva

68 1957 189 2016 suscitat
212 1964 240 2016 et
261 1954 386 2016 stimulis
410 1956 482 2016 haut
502 1957 638 2018 mollibus
658 1959 759 2017 incutit
782 1960 851 2017 iras.

69 2056 141 2117 ergo
161 2041 239 2100 inter
258 2039 363 2100 caedes
384 2039 573 2118 cedentiaque
594 2044 707 2120 agmina
728 2042 863 2101 Tarchon

67 2124 162 2184 fertur
183 2141 259 2201 equo
279 2123 424 2200 variisque
446 2125 563 2200 instigat
584 2125 703 2185 vocibus
725 2126 793 2194 alas,
1025 2132 1075 2181 730

69 2209 186 2267 nomine
205 2225 351 2285 quemque
371 2225 487 2277 vocans,
511 2207 663 2288 reficitque
685 2211 714 2269 in
737 2207 849 2287 proelia
868 2208 977 2285 pulsos.

69 2293 150 2368 ‘quis
169 2301 273 2359 metus,
296 2310 314 2349 o
336 2308 497 2369 numquam
518 2291 643 2359 dolituri,
665 2312 682 2351 o
704 2311 820 2369 semper
840 2294 949 2351 inertes

68 2373 224 2453 Tyrrheni,
247 2393 322 2453 quae
343 2384 423 2434 tanta
445 2377 548 2434 animis
570 2378 682 2452 ignavia
700 2379 794 2435 reniti

68 2459 175 2518 lomina
199 2457 322 2536 palantis
343 2459 400 2534 agit
423 2471 510 2537 atque
532 2460 604 2519 haec
626 2462 741 2536 agmina
763 2460 860 2519 vertiti

68 2559 127 2619 quo
150 2543 264 2602 lerrum
288 2542 393 2620 quidve
413 2542 486 2602 haec
509 2545 637 2619 gerimus
660 2543 716 2602 tela
738 2544 823 2603 inrita
847 2543 974 2601 dextris?
1026 2548 1076 2598 735

68 2633 98 2685 at
117 2643 177 2684 non
199 2628 229 2685 in
252 2625 394 2687 Venerem
414 2645 520 2703 segnes
542 2638 744 2703 nocturnaque
765 2626 841 2686 bella

68 2722 118 2769 aut
136 2707 187 2769 ubi
209 2727 297 2770 curva
320 2711 427 2770 choros
449 2710 551 2770 indixit
571 2710 641 2770 tibia
664 2710 771 2771 bacehi
870 2777 877 2783 ,

70 2802 221 2870 expectate
242 2793 334 2872 dapes
356 2802 384 2854 et
405 2793 508 2872 plenae
530 2793 633 2871 pocula
655 2812 773 2854 mensae

45 2877 126 2954 thie
150 2897 242 2947 amor,
263 2879 321 2938 hoc
343 2877 490 2955 studium),
514 2879 584 2938 dum
604 2896 686 2939 sacra
708 2879 855 2939 secundus
876 2878 1023 2954 haruspex

68 2964 182 3022 nuntiet
202 2981 237 3023 ac
258 2962 342 3023 lucos
363 2971 448 3023 vocet
466 2962 560 3022 hostia
583 2963 698 3041 pinguis
718 2963 748 3022 in
771 2960 872 3023 altosl'
1027 2970 1077 3020 rto

68 3045 144 3106 haee
164 3047 268 3107 ellatus
289 3065 374 3107 ecum
394 3048 426 3107 in
447 3047 568 3118 medios,
588 3049 747 3108 moriturus
770 3059 797 3107 et
819 3049 889 3125 ipse,

68 3137 195 3189 concitat
213 3139 242 3190 et
261 3130 373 3191 Venulo
394 3130 550 3205 adversum
568 3150 600 3191 se
622 3131 757 3201 turbidus
774 3130 862 3190 infert

69 3212 282 3292 dereptumque
304 3214 341 3275 ab
362 3231 438 3292 equo
456 3214 563 3274 dextra
586 3215 789 3292 complectitur
811 3214 925 3271 hostem

69 3306 97 3355 et
120 3298 265 3371 gremium
287 3305 354 3358 ante
375 3315 461 3358 suum
484 3296 573 3356 inulta
596 3298 623 3355 vi
645 3298 777 3356 concitus
800 3295 903 3354 aulert.

69 3379 179 3440 tollitur
199 3381 229 3439 in
253 3381 366 3442 caelum
387 3377 507 3451 clamor,
531 3381 685 3458 cunctique
705 3379 801 3438 Latinl
1026 3386 1075 3437 745

69 3470 241 3526 convertere
262 3464 373 3526 ocrrlos.
406 3465 482 3526 volat
503 3466 607 3542 igneus
631 3480 758 3542 aequore
780 3461 918 3523 Tarchon
