2400 3878
403 188 546 237 vnnolnr
559 189 685 239 Annum
700 192 752 240 ΧΠ

76 345 266 422 Antheusque
286 341 513 421 Mnestheusque
533 349 623 403 ruunt
644 346 797 424 omnisque
817 344 926 408 relictis

76 427 162 487 turba
184 425 248 486 lluit
269 427 387 486 castris:
408 433 471 485 turn
492 443 579 487 cacco
601 425 720 504 pulvere
738 446 858 508 campus

74 511 212 571 miscetur
233 507 377 589 pulsuque
392 509 501 588 pedum
522 510 621 571 tremit
642 512 734 571 excita
755 509 850 572 tellus.
1026 520 1076 572 ⁴45

74 593 144 653 vidit
165 591 202 652 ab
221 592 344 654 adverso
364 593 504 653 venientis
526 610 633 671 aggere
654 593 781 664 Turnus,

10 714 12 718 ,
74 675 173 737 videre
194 675 322 745 Ausonii,
342 675 513 754 gelidusque
531 693 585 755 per
606 677 663 737 ima
685 679 816 739 cucurrit

74 777 140 820 ossa
160 766 286 819 tremor:
310 761 406 838 prima
426 766 493 818 ante
510 761 603 820 omnis
623 761 744 821 Iuturna
763 761 882 822 Latinos

74 842 165 903 audiit
188 841 381 920 adgnovitque
403 858 508 902 sonum
529 849 558 902 et
583 843 753 904 tremefacta
774 843 892 923 refugit.

75 924 123 986 illc
140 923 220 991 ,volat
242 941 402 1005 campoque
422 931 518 985 atrurn
536 927 613 1004 rapit
630 945 735 1003 agmen
756 935 867 1005 aperto.

75 1008 168 1086 qualis
190 1006 240 1068 ubi
259 1008 296 1068 ad
317 1015 410 1069 terras
432 1008 559 1085 abrupto
577 1008 674 1070 sidere
693 1009 810 1071 nimbus

74 1094 97 1151 it
117 1109 198 1152 mare
220 1108 274 1170 per
297 1092 425 1152 medium
444 1090 568 1170 (miseris
586 1091 644 1152 heu
666 1095 798 1170 praescia
818 1092 906 1171 longe

74 1175 249 1236 horrescunt
272 1175 361 1235 corda
383 1174 532 1253 agrlcohs:
555 1175 635 1236 dabit
653 1175 702 1238 ille
723 1178 822 1238 ruinas

74 1256 229 1319 arboribus
252 1265 438 1337 stragemque
460 1261 537 1330 satis,
559 1267 627 1320 ruet
648 1261 744 1322 omnia
765 1261 847 1341 late);

73 1340 259 1402 antevolant
280 1343 466 1420 sonitumque
487 1343 586 1403 lerunt
604 1343 640 1403 ad
661 1343 747 1406 litora
768 1346 861 1406 venti:

73 1424 138 1485 talis
160 1424 190 1484 in
210 1424 349 1486 adversos
369 1425 473 1485 ductor
490 1425 648 1486 Rhoeteius
670 1427 761 1487 hostis

73 1525 178 1586 agmen
190 1510 265 1585 agit,
288 1508 371 1570 densi
391 1508 491 1568 cuneis
510 1525 542 1568 se
565 1510 688 1586 quisque
709 1510 816 1569 coactis

73 1591 284 1668 adglomerant.
319 1593 386 1652 ierit
407 1608 476 1651 ense
498 1607 615 1666 gravem
636 1591 837 1670 Thymbraeus
858 1589 979 1657 Osinlm

72 1670 261 1732 Tarohetium
282 1673 465 1739 Mnestheus,
489 1671 653 1749 Epulonem
676 1671 831 1735 obtruncat
851 1674 976 1735 bullatos

74 1754 266 1833 Ufentemque
289 1756 380 1835 Gyas;
405 1753 480 1814 cadit
500 1756 564 1831 ipse
582 1754 754 1815 Tolumnius
776 1771 879 1831 augur,

72 1839 187 1916 primus
207 1837 238 1898 ln
259 1839 396 1899 adversos
419 1836 509 1898 telum
530 1838 580 1915 qui
602 1845 727 1900 torserat
747 1837 847 1899 hostis.

72 1920 234 1982 tollitur'in
257 1921 369 1983 caelum
391 1921 510 1991 clamor,
533 1923 670 2000 versique
690 1922 816 1984 vicissim

51 2077 52 2080 Ἴ
72 2004 274 2083 pulverulenta
292 2005 360 2084 iuga
381 2005 480 2066 Rutuli
500 2005 570 2066 dant
589 2013 673 2085 terga
694 2024 748 2085 per
770 2023 866 2084 agros.

72 2089 135 2167 ipsc
155 2105 251 2166 noque
271 2107 388 2149 aversos
405 2090 540 2167 dignatur
563 2098 694 2152 sternere
716 2090 802 2152 Morti

72 2189 128 2232 nec
148 2170 224 2251 pede
246 2190 418 2251 congressos
435 2191 528 2252 aequo
549 2191 605 2235 nec
625 2173 682 2235 tela
704 2174 823 2236 ferentis

72 2255 252 2335 insequitur:
275 2255 370 2317 solum
392 2256 480 2319 densa
503 2258 533 2316 in
556 2256 678 2335 caligine
698 2257 831 2319 Turnum

28 2406 30 2412 s
73 2339 193 2415 vestigat
214 2338 350 2420 lusqans,
373 2340 468 2401 solum
489 2342 519 2400 in
541 2342 701 2402 certamina
721 2342 824 2418 poscit.

72 2421 130 2484 hoc
154 2440 296 2483 concussa
314 2431 394 2482 metu
413 2429 541 2483 mentem
562 2422 683 2483 Iuturna
705 2425 805 2501 virago

72 2507 203 2586 aurigam
227 2505 319 2566 Turni
338 2505 433 2566 media
455 2503 611 2564 interiora
632 2504 784 2565 Metiscum

73 2591 181 2649 excutit
204 2597 232 2650 et
253 2586 340 2665 longe
360 2587 473 2664 lapsum
495 2593 612 2647 temone
632 2586 764 2663 reliquit:

72 2673 134 2749 ipsa
156 2671 234 2749 subit
255 2670 448 2747 manibusque
468 2666 605 2730 undantis
622 2668 712 2730 lleotit
730 2669 870 2739 habenas,

72 2763 177 2816 cuncta
199 2771 315 2832 gerens,
337 2771 497 2832 vocemque
518 2759 548 2812 et
568 2769 675 2830 corpus
697 2760 727 2813 et
748 2771 829 2813 arma
849 2752 969 2813 Metisci

74 2840 158 2916 nigra
178 2838 258 2899 velut
276 2852 397 2914 magnas
419 2835 528 2896 domini
550 2853 617 2905 cum
641 2836 734 2896 divitis
756 2836 843 2904 aedes

72 2919 203 2997 pervolat
224 2930 254 2982 et
270 2921 366 3001 pinnis
388 2919 445 2981 alta
467 2920 540 2980 ahia
560 2917 664 2980 lustrat
683 2918 835 2991 hirundo,'

73 3002 179 3080 pabula
201 3023 290 3083 parua
311 3004 412 3083 legens
433 3005 568 3082 nidisque
588 3002 760 3084 loquacibus
782 3021 872 3066 escas.

73 3091 103 3142 et
120 3102 199 3146 nunc
218 3088 380 3165 porticibus
401 3090 510 3158 vacuis,
533 3105 613 3148 nunc
629 3087 728 3149 umida
750 3089 860 3149 circum

73 3173 176 3244 stagna
197 3178 295 3230 sonat:
319 3171 420 3235 similb
441 3171 553 3232 medios
574 3171 697 3231 luturna
717 3188 772 3248 per
792 3168 884 3231 hostis

73 3249 167 3308 iertur
189 3254 270 3328 equis
288 3255 450 3334 rapidoque
468 3252 568 3315 volans
588 3254 649 3314 obit
668 3253 765 3313 omnia
782 3269 871 3313 curru

74 3335 189 3409 iamque
206 3333 254 3393 hic
275 3351 447 3411 germanum
467 3339 584 3415 iamque
604 3336 653 3397 hic
674 3342 799 3396 ostentat
822 3341 956 3396 ovantem

74 3433 129 3477 nec
147 3418 283 3477 conferre
304 3435 423 3479 manum
444 3419 562 3496 patitur,
582 3416 659 3478 volat
680 3419 742 3480 avia
762 3415 858 3496 longe
