2400 3878
120 176 182 238 340
445 183 586 231 villatam
606 185 730 234 anunm
748 187 798 233 x11

119 343 279 402 semineces
298 341 384 401 volvit
406 339 513 405 multos
531 348 580 402 ant
600 341 715 419 agmina
735 359 824 402 curru

118 426 242 502 proterit
261 432 311 486 aut
334 431 432 502 raptas
454 423 630 502 fugientibus
651 425 757 501 ingerit
778 423 885 484 hastas.
1072 430 1126 484 ιιι

119 506 212 585 qualis
233 514 303 587 aput
321 506 407 585 gelidi
430 525 496 568 cum
518 506 638 567 ilumina
660 508 790 568 concitus
812 506 902 567 Hebri

118 590 295 671 sanguineus
315 590 429 651 llarors
448 588 553 669 clupeo
572 591 705 670 increpat
726 597 813 668 atque
835 590 958 651 furentis

118 666 194 734 bella
215 691 333 739 movens
352 674 469 734 inmittit
492 691 583 750 equos
605 672 655 751 (iili
675 690 803 752 aequore
823 681 925 752 aperto

118 764 186 817 ante
206 764 291 816 notos
313 757 531 854 zephyrumque
552 753 662 825 rolant;
685 758 774 833 gemit
795 754 895 817 ultima
916 755 1003 835 pulsu

117 837 249 900 Thraeca
271 839 395 917 pedum;
419 841 587 917 circumque
609 847 689 900 atrae
709 839 885 899 Formidinis
906 855 958 899 ora
1070 846 1125 898 83⁶

117 922 241 1001 Iraeque
263 922 454 1000 Insidiaeque,
477 921 523 982 dei
546 924 708 991 comitatus,
730 926 882 1001 agunturl:

117 1003 182 1065 talis
203 1023 294 1083 equos
316 1005 412 1066 alacer
429 1006 524 1066 media
547 1008 622 1066 inter
639 1005 750 1084 proelia
771 1004 889 1066 Turnus

118 1087 256 1148 fumantis
277 1089 385 1150 sudore
407 1090 507 1168 quatit,
530 1089 695 1149 miserabile
718 1090 811 1149 caesis

118 1169 251 1232 hostibus
272 1171 429 1240 insultans;
452 1173 563 1249 spargit
583 1172 684 1250 rapida
706 1171 815 1249 ungula
836 1188 920 1232 rores

116 1255 301 1332 sanguineos,
324 1256 470 1332 mixtaque
492 1272 580 1314 cruor
602 1255 729 1314 calcatur
750 1255 869 1315 harena.
1070 1261 1126 1312 340

117 1338 234 1415 lamque
248 1337 319 1398 Neci
337 1337 564 1413 Sthenelumque
582 1338 661 1398 dedit
676 1337 913 1435 Thamyrumque
928 1335 1124 1416 Pholumque,

118 1420 198 1481 bunc
219 1437 395 1498 congressus
417 1428 446 1482 et
468 1420 943 1490 hunc,illumeminus;em1nus
965 1417 1052 1480 ambo

116 1502 302 1575 Imbrasidas,
325 1504 466 1567 Glaucum
487 1512 574 1581 atque
596 1503 703 1573 Laden,
726 1522 800 1581 quos
818 1502 996 1564 Imbrasus
987 1519 1051 1580 ipse

116 1589 259 1649 nutrierat
270 1588 364 1668 Lycia
382 1587 561 1666 paribusque
583 1595 737 1648 ornaverat
759 1588 856 1655 armis,

115 1669 161 1730 vel
180 1670 316 1734 conisrre
333 1689 453 1732 manum
474 1670 518 1731 vel
540 1689 614 1768 equo
637 1678 823 1749 praevertere
840 1678 951 1731 ventos.
1069 1676 1125 1728 aab

117 1760 201 1831 parte
223 1753 278 1814 alia
299 1755 393 1815 media
416 1755 590 1815 Eumedes'
582 1771 611 1814 an
633 1752 743 1831 proelia
764 1754 867 1822 ierturr,

115 1836 225 1912 antiqui
247 1835 345 1913 proles
366 1835 443 1897 bello
463 1834 615 1914 praeclara
637 1834 764 1906 Dolonis,

117 1920 236 1979 nomine
258 1935 342 1978 arom
364 1919 505 1986 reterens,
528 1920 623 1978 animo
646 1919 838 1996 manibusque
860 1927 1020 1997 parentem,

117 2001 165 2079 qui
188 2001 345 2080 quondam,
368 2008 462 2060 castra
484 2008 517 2060 ut
535 2002 664 2061 Danaum
683 2000 849 2079 speculator
867 2001 968 2072 adiret,

116 2100 204 2144 ausus
224 2083 341 2145 Peridae
358 2085 485 2163 pretium
505 2083 560 2143 sihi
582 2101 705 2161 poscere
725 2101 844 2153 currus;
1069 2090 1124 2143 sbti

117 2165 198 2226 illum
218 2165 342 2245 Tydides
362 2165 417 2226 alio
440 2184 494 2244 pro
516 2165 622 2226 talibus
644 2167 721 2228 ausis

116 2247 221 2309 adfecit
241 2251 346 2328 pretio,
368 2267 423 2309 nec
445 2252 526 2327 equis
549 2249 677 2327 adspirat
697 2248 827 2311 acidus.

116 2332 194 2393 hunc
215 2332 319 2412 procul
340 2340 372 2393 ut
393 2349 495 2410 campo
516 2332 635 2393 Turnus
654 2335 805 2411 prospexit
826 2342 938 2413 aperto,

116 2423 183 2475 ante
202 2415 259 2476 leri
279 2416 374 2477 laculo
389 2415 509 2493 longum
530 2434 583 2494 per
604 2417 691 2477 inane
713 2424 831 2478 secutus

115 2501 190 2559 sistit
208 2518 298 2578 equos
316 2500 422 2579 bilugls
444 2507 473 2560 et
495 2517 585 2560 curru
606 2498 699 2560 desilit
721 2507 807 2579 atque
1069 2506 1124 2558 abb

116 2583 278 2644 semianIml
297 2583 438 2663 lapsoque
460 2585 626 2662 supervenit
646 2589 676 2643 et
696 2584 771 2661 pede
789 2582 864 2644 collo

115 2683 248 2744 inpresso
271 2666 390 2728 demae
411 2684 582 2727 mucronem
604 2675 758 2745 extorquet
779 2665 885 2728 etalio

116 2747 275 2825 iulgentem
294 2752 399 2828 cinguli
417 2749 517 2827 iugulo
537 2757 624 2829 atque
645 2750 719 2810 haec
740 2751 860 2828 insuper
881 2749 976 2812 addit:

116 2839 168 2891 ‘eu
190 2849 277 2909 agros
296 2842 325 2893 et
347 2851 433 2912 quam
456 2831 542 2903 hello,
565 2833 699 2901 Troiane,
721 2834 827 2909 petisti,
1142 2900 1145 2907 ,

115 2913 286 2993 Hesperiam
308 2916 411 2975 metire
432 2916 544 2974 iacens:
563 2913 636 2974 haec
654 2916 786 2992 praemia
806 2917 856 2995 qul
876 2934 924 2977 me
1067 2921 1124 2974 8⁶0

116 2996 196 3057 ierro
215 2998 277 3057 ausi
298 3003 441 3074 temptare
462 2995 569 3064 ierunt,
591 2997 634 3055 sic
655 2998 770 3056 moenia
789 2997 935 3059 condunt!

118 3095 186 3141 nuuc
208 3080 343 3140 comitem
365 3076 492 3158 Asbyten
514 3077 644 3138 coniecta
664 3077 784 3155 cuspide
804 3081 899 3150 mittit.

116 3162 298 3242 Chloreaque
320 3162 511 3242 Sybarimque
533 3160 697 3239 Daretaque
715 3160 997 3243 Thersilochumque

116 3255 146 3308 et
167 3248 306 3309 sternacis
326 3247 394 3327 equi
414 3245 528 3322 lapsum
549 3246 662 3304 cervice
680 3242 869 3322 Thymoeten.
1038 3322 1049 3329 ι

116 3345 152 3391 ac
168 3331 246 3393 velut
263 3330 359 3391 Edoni
379 3329 491 3390 boreae
512 3345 579 3389 cum
598 3328 716 3404 spiritus
737 3326 794 3387 alto
1067 3334 1123 3392 m

115 3413 232 3475 insonat
251 3414 365 3490 Aegaeo
387 3413 576 3491 sequiturque
594 3408 631 3470 ad
655 3408 738 3469 litora
760 3410 875 3479 iiuctus,
951 3440 954 3445 ⁴
