2400 3878
348 207 492 254 vnnomr
514 207 714 255 0000010οο
733 208 786 254 1111
1030 194 1067 257 81

63 376 164 421 serum
184 360 236 418 ubi
257 366 426 437 correptum
448 359 584 419 manibus
606 358 764 438 vinclisque
785 357 917 429 tenebis,
1021 370 1070 424 400

61 449 123 502 tum
146 442 241 502 variae
263 440 381 502 eludent
402 443 515 519 species
537 448 624 520 atque
646 460 697 502 ora
720 443 859 501 ferarum.

61 524 111 584 fiet
132 525 209 583 enim
231 524 327 584 subito
349 542 399 584 sus
420 524 559 584 horridus
580 531 701 602 atraque
723 525 806 600 tigris

62 624 292 684 squamosusque
315 608 404 666 draco
427 613 455 667 et
477 607 553 666 fulva
576 608 689 667 cervice
710 605 821 674 leaena,

61 696 111 748 aut
132 707 230 749 acrem
252 690 386 750 flammae
408 690 534 749 sonitum
557 688 637 749 dabit
659 696 745 766 atquc
766 690 806 748 ita
827 686 928 748 vinclis

62 771 188 841 excidet,
211 779 261 832 aut
282 774 312 832 in
334 789 424 850 aquas
445 771 541 831 tenuis
562 771 690 849 dilapsus
712 770 810 831 abibit.
1019 782 1070 834 410

60 854 110 914 sed
128 860 235 932 quanto
257 854 305 915 ille
326 856 418 930 magis
440 855 602 914 formasse
624 860 717 914 rertet
738 856 768 914 in
791 853 893 922 omnis,

60 945 119 995 tam
141 944 188 1006 tu,
210 943 292 1005 nate,
314 939 407 1012 magis
430 936 573 997 contende
595 937 708 997 tenacia
730 934 837 1004 vincla,

61 1019 153 1079 donec
175 1018 240 1079 talis
262 1021 317 1079 erit
338 1026 449 1079 mutato
472 1036 611 1096 corpore,
634 1018 750 1097 qualem

63 1102 181 1170 videris,
203 1104 319 1180 incepto
342 1109 455 1179 tegeret
476 1120 543 1162 cum
565 1101 673 1162 lumina
695 1100 823 1161 somno'

101 1185 180 1245 llaec
202 1187 241 1244 ait
263 1191 290 1244 et
311 1184 451 1263 liquidum
474 1183 638 1244 ambrosiae
660 1184 791 1245 defundit
811 1184 943 1253 odorem,
1018 1195 1068 1248 410

61 1286 118 1345 quo
140 1273 234 1326 totum
255 1269 314 1326 nati
337 1285 444 1344 eorpus
465 1267 617 1344 perduxit:
654 1274 683 1329 at
703 1266 744 1327 illi

61 1349 154 1410 dulcis
176 1351 343 1426 compositis
364 1351 482 1426 spiravit
503 1349 633 1410 crinibus
654 1369 742 1419 aura,

61 1440 147 1510 atque
168 1431 273 1490 habilis
294 1431 434 1490 membris
454 1433 532 1491 venit
553 1434 644 1507 vigor.
688 1440 732 1492 est
752 1448 858 1507 specus
879 1433 981 1506 ingens

61 1516 139 1576 exesi
160 1513 252 1573 latere
274 1515 303 1573 in
326 1515 446 1581 montis,
470 1531 527 1589 quo
549 1513 674 1589 plurima
695 1521 781 1573 vento

60 1599 174 1674 cogitur
196 1598 285 1673 inque
307 1597 388 1654 sinus
409 1595 514 1654 scindit
534 1612 598 1654 sose
620 1597 698 1656 unda
720 1596 866 1663 reductos,
1018 1605 1070 1658 420

60 1680 211 1756 deprensis
233 1678 301 1737 olim
323 1679 407 1737 statio
427 1678 569 1749 tutissima
591 1680 701 1747 nautis;

59 1764 136 1823 intus
158 1779 190 1820 se
211 1763 282 1820 vasti
303 1761 427 1821 Proteus
448 1761 519 1838 tegit
541 1759 624 1820 obice
645 1762 715 1821 saxi.

59 1845 106 1906 hie
127 1847 260 1903 iuvenem
282 1845 311 1903 in
332 1841 453 1903 latebris
473 1860 608 1903 aversum
629 1862 646 1903 a
667 1843 776 1903 lumine
798 1839 925 1920 n‘ympha

60 1927 196 1994 collocat,
220 1929 282 2003 ipsa
303 1925 407 2003 procul
429 1924 544 1986 nebulis
565 1925 691 1986 obscura
713 1926 842 1985 resistit,

61 2012 119 2070 iam
140 2010 259 2087 rapidus
281 2017 398 2068 torrens
420 2008 541 2068 sitientis
563 2008 656 2068 Sirius
677 2007 764 2068 Indos
1018 2019 1069 2071 410

61 2092 183 2152 ardebat
205 2090 299 2160 caelo,
323 2099 352 2151 et
373 2091 502 2151 medium
524 2090 567 2150 sol
589 2093 691 2166 igneus
713 2091 816 2150 orbem

60 2176 212 2243 hauserat;
246 2172 367 2235 arebant
388 2173 515 2243 herbae,
539 2180 568 2233 et
590 2192 658 2234 cava
679 2159 799 2234 lluniina
820 2173 904 2233 siccis

58 2256 191 2318 lancibus
207 2258 244 2317 ad
266 2256 368 2317 limum
389 2256 463 2317 radii
484 2256 627 2334 tepefacta
650 2255 828 2334 coquebant:

57 2359 124 2400 eum
146 2340 271 2400 Proteus
293 2348 430 2400 consueta
452 2344 556 2415 petens
578 2357 594 2399 e
614 2338 751 2399 ssuctibus
772 2346 855 2398 antra

57 2421 132 2490 ibat;
177 2440 243 2482 eum
265 2423 337 2481 vasti
360 2424 471 2481 circum
493 2437 565 2497 gens
586 2422 684 2480 umida
705 2421 787 2498 ponti
1018 2430 1070 2484 400

57 2504 190 2565 exultans
212 2520 311 2562 rorem
332 2501 390 2562 late
412 2503 548 2577 dispersit
569 2519 711 2562 amarum.

58 2592 194 2645 sternunt
215 2603 247 2644 se
269 2601 372 2643 somno
395 2583 525 2643 diversae
547 2583 577 2640 in
599 2582 683 2641 litore
704 2582 833 2659 phocae;

59 2670 122 2747 ipse
143 2666 221 2727 velut
242 2665 348 2725 stabuli
371 2671 468 2725 custos
490 2665 519 2723 in
540 2663 689 2724 montibus
711 2664 794 2730 olim,

57 2767 162 2827 vesper
182 2749 233 2810 ubi
256 2769 272 2809 e
294 2756 378 2826 pastu
400 2746 505 2807 vitulos
527 2747 563 2807 ad
584 2753 660 2806 tecta
683 2746 806 2815 reducit,

56 2832 220 2910 auditisque
241 2832 327 2908 lupos
348 2836 457 2891 acuunt
477 2827 621 2890 balatibus
643 2831 718 2906 agni,
1017 2841 1068 2896 000

57 2916 180 2975 considit
201 2912 322 2992 scopulo
345 2914 473 2982 medius,
496 2930 709 2991 numerumque
730 2920 873 2974 recenset.

58 3000 140 3059 cuius
161 2999 292 3058 Aristaeo
315 2999 451 3075 quoniam
474 3002 518 3056 est
539 2995 635 3056 oblata
657 2995 788 3065 facultas,

57 3081 103 3139 rix
125 3082 238 3141 defessa
259 3098 360 3141 senem
382 3096 485 3157 passus
508 3096 684 3157 componere
706 3078 837 3138 membra

57 3179 124 3222 cum
147 3162 275 3223 clamore
296 3165 355 3223 ruit
376 3177 497 3238 magno,
520 3162 699 3238 manicisque
720 3163 863 3221 iacentem

57 3252 191 3322 occupat.
235 3243 282 3306 ille
304 3264 374 3307 suae
397 3251 499 3306 contra
521 3261 580 3303 non
601 3245 755 3303 immemor
777 3244 847 3303 artis
1018 3253 1069 3306 440

58 3329 155 3386 omnia
176 3328 365 3389 transformat
387 3345 451 3389 sese
473 3329 503 3386 in
525 3325 663 3386 miracula
686 3342 797 3394 rerum,

59 3409 213 3486 ignemque
234 3409 464 3490 horribilemque
487 3409 579 3469 ieram
601 3407 780 3484 fluviumque
801 3407 840 3486 liq
900 3413 916 3465 t

137 3519 272 3564 nmsncn.
290 3519 403 3561 vsnosn.
846 3505 865 3563 6
