2454 3936
141 197 198 260 tlt
476 208 618 257 vnnomr
638 207 764 256 anunm
786 208 812 254 11

137 383 193 428 neo
213 382 300 444 posse
321 364 463 442 Argolicis
485 363 598 424 excindi
623 363 764 439 Pergama
786 362 865 432 telis,

135 449 280 519 ominani
299 457 433 526 repetant
454 448 723 525 signanterque
745 445 901 515 reducant,

136 512 214 612 qu'dd
234 531 337 611 pelago
357 541 386 592 et
410 533 505 593 curvis
524 548 623 591 secum
647 547 770 601 avexere
792 528 905 589 carinis.

110 610 114 619 ’
136 625 166 677 et
186 636 263 678 nunc
285 617 362 696 quod
382 616 489 693 patrias
511 624 596 674 vento
619 604 902 697 purjmfflycenas,
1102 621 1152 677 rso

137 719 218 761 arma
240 701 369 778 deosque
388 707 491 777 parant
512 698 645 765 comites,
669 696 832 774 pelagoque
848 711 984 756 remenso

137 784 274 861 inprovisi
296 783 434 842 aderunt:
455 784 493 842 ita
515 781 619 877 digerit
640 780 736 840 omina
762 771 956 840 Calcha?

137 866 213 926 hanc
235 883 290 943 pro
304 862 436 926 Palladio
459 858 574 933 moniti,
597 864 651 942 pro
671 864 791 924 numine
812 862 891 923 laeso

138 950 263 1024 effigiem
290 956 432 1016 statuere,
455 949 536 1008 nelas
558 966 633 1026 quae
651 930 914 1033 miste-piare?

137 1030 213 1090 hanc
237 1039 334 1092 tamen
352 1031 513 1092 inmensam
530 1029 650 1092 Calchas
671 1030 804 1092 attollere
826 1027 933 1091 molem
1100 1040 1152 1095 185

137 1113 294 1174 roboribus
315 1115 401 1175 textis
423 1115 562 1194 caeloque
585 1115 711 1177 educere
727 1116 825 1184 iussit,

138 1194 402 1275 neiedipi‘pnrtis
425 1209 474 1258 aut
491 1198 558 1259 duci
578 1200 607 1258 in
629 1200 743 1258 moenia
765 1207 864 1277 posset

138 1297 195 1341 neu
218 1281 359 1359 poprdum
381 1283 498 1358 antiqua
520 1284 575 1343 sub
597 1281 738 1358 religione
757 1283 843 1343 tueri.

138 1381 207 1424 nam
228 1366 364 1426 sinestra
388 1383 491 1426 manus
513 1365 647 1426 violasset
665 1366 741 1426 dona
765 1365 919 1436 Minervae,

138 1454 200 1508 tum
222 1466 360 1528 magnum
380 1452 497 1511 exitium
520 1451 607 1529 (quod
629 1451 657 1510 di
679 1452 761 1528 prius
781 1469 868 1511 omen
888 1452 918 1512 in
939 1451 1034 1528 ipsum
1100 1459 1153 1516 19⁰

89 1584 127 1591 ,..
140 1536 330 1611 convertant!)
351 1535 459 1595 Priami
481 1536 604 1613 imperio
627 1535 849 1614 Phrygibusque
867 1535 1068 1602 futurum—-

139 1616 184 1673 sin
204 1617 338 1677 manibus
359 1620 462 1679 vestris
484 1629 610 1679 vestram
634 1619 812 1679 ascendisset
830 1620 859 1677 in
881 1618 995 1686 urbem,

138 1695 216 1756 ultro
236 1701 332 1758 Asiam
354 1718 460 1777 magno
483 1702 608 1778 Pelopea
630 1701 665 1761 ad
688 1705 801 1761 moenia
822 1700 899 1760 bello

139 1789 305 1849 venturam,
326 1790 355 1841 et
375 1792 492 1841 nostros
513 1801 547 1842 ea
567 1785 624 1842 lata
646 1800 765 1843 manere
787 1782 932 1861 nepotes!

181 1863 300 1923 Talibus
321 1864 430 1923 insidiis
450 1865 620 1941 periurique
640 1871 703 1922 arte
720 1865 835 1923 Sinonis
886 1860 889 1865 ’

139 1946 248 2006 credita
271 1963 332 2015 res,
356 1948 489 2024 captique
511 1946 584 2007 dolis
607 1945 790 2024 lacrimisque
813 1947 921 2007 coactis

138 2048 213 2108 quos
233 2048 329 2109 neque
350 2029 475 2106 Tydides
498 2047 553 2091 nec
577 2030 729 2090 Larisaeus
750 2027 889 2100 Achilles,

139 2130 198 2175 non
216 2115 284 2174 anni
305 2113 445 2175 domuere
466 2113 582 2184 decem,
604 2130 664 2173 non
684 2111 763 2173 mille
786 2113 909 2176 carinae.
939 2184 942 2189 ,

181 2198 234 2257 llic
256 2196 333 2257 aliud
355 2200 449 2257 maius
467 2199 581 2258 miseris
601 2197 751 2276 multoque
771 2195 956 2260 tremendum

140 2281 266 2365 obicitur
289 2281 396 2357 magis,
420 2289 506 2359 atque
528 2281 677 2359 inprovida
700 2263 949 2357 pectori‘turbat.

139 2356 291 2434 lTaodoon,
314 2364 419 2425 ductus
440 2364 574 2440 Neptuno
595 2372 675 2425 sorte
696 2364 846 2433 sacerdos,

139 2448 286 2510 sollemnis
307 2444 423 2508 tedium
445 2449 593 2526 ingentem
614 2449 759 2510 mactabat
780 2448 817 2509 ad
840 2467 916 2512 aras.

140 2551 209 2596 ecce
230 2542 327 2594 autem
349 2534 456 2610 gemini
478 2551 494 2592 a
515 2532 634 2593 Tenedo
647 2520 809 2613 ffaireprilla
834 2549 888 2611 per
908 2532 964 2595 alta

139 2619 291 2697 (horresco
311 2618 451 2697 referens)
480 2618 618 2678 inmensis
639 2635 673 2677 or
695 2617 761 2680 ibus
781 2634 892 2707 angues

138 2700 312 2762 incumbunt
332 2701 450 2777 pelago,
471 2703 638 2780 pariterque
660 2708 676 2761 a
716 2702 800 2762 litora
821 2702 958 2770 tenduut;

139 2794 258 2862 pectora
281 2802 406 2860 quorum
427 2776 631 2844 interdbctus
650 2795 765 2845 arrecta
785 2783 930 2862 iubaeque

139 2866 314 2944 sanguineae
333 2874 473 2941 superant
493 2866 601 2933 undas,
624 2883 692 2941 pars
714 2859 954 2942 ceterd'pontum

160 2967 216 3009 one
237 2948 306 3037 Qgit
327 2950 480 3023 sinuatque
499 2949 629 3007 inmensa
651 2947 796 3037 qumJne
816 2955 907 3025 terga.

138 2966 305 3093 disertioris
325 3038 479 3108 spumante
500 3029 576 3097 salo;
602 3032 717 3107 iamque
739 3048 807 3091 arra
830 3029 969 3090 tenebant

139 3117 326 3193 ardentisque
347 3112 449 3174 oculos
471 3113 582 3173 suffecti
603 3115 745 3190 sanguine
766 3121 795 3175 et
814 3114 874 3190 igni

140 3200 222 3282 sibila
244 3199 411 3296 thassl
431 3197 536 3274 linguis
558 3196 740 3259 vibrantibus
761 3216 822 3287 ora.

140 3285 307 3360 dillugimus
328 3280 391 3342 visu
412 3298 567 3360 exangues.
587 3291 590 3298 ’
612 3280 652 3340 illi
675 3283 891 3361 agmipgperto

140 3368 304 3429 Laocoonta
324 3375 441 3444 petunt·
465 3375 493 3427 et
511 3365 638 3443 primum
660 3383 749 3453 pagna
771 3356 896 3425 duorum

141 3468 265 3531 corpora
286 3458 423 3511 natorum
443 3466 564 3529 serpens
586 3449 737 3528 amplexus
757 3457 880 3528 uterque
