2400 3878
138 196 200 259 llo
472 205 614 253 venerm
639 205 764 253 anunm
785 205 825 251 111

137 365 288 426 inmensus
305 362 416 422 saniem
439 365 576 421 eructans
595 366 623 420 ot
644 360 737 420 frusta
758 367 881 420 cruento

136 465 191 527 per
213 464 349 507 somnum
368 445 523 505 commixta
544 461 644 514 mero,
667 460 722 503 nos
743 461 849 522 magna
870 445 982 521 precati

136 531 257 590 numina
275 530 429 607 sortitique
446 529 524 588 vices
544 545 603 588 una
622 526 752 605 undique
774 529 885 589 circum

136 612 303 682 fundimur,
327 619 356 673 et
375 610 433 673 telo
455 611 555 672 lumen
574 610 759 671 terebramus
778 618 864 672 acuto

135 699 254 774 iugens,
275 695 354 774 quod
375 702 458 755 torva
478 694 572 754 solum
590 693 643 755 sub
665 693 763 755 lronte
786 693 906 764 latebat,

136 779 264 859 Argolici
286 779 372 857 clipei
393 787 444 840 eut
462 777 617 839 Phoebeae
639 777 781 856 lampadis
802 779 907 848 instar,

136 872 167 926 et
185 863 302 925 tandem
324 863 391 923 laeti
412 863 560 922 sociorum
581 860 750 923 ulciscimur
772 861 902 923 umbras.

136 948 187 1010 sed
211 949 315 1025 fugite,
338 964 355 1006 o
377 947 491 1016 miseri,
511 946 601 1024 fugite
623 951 710 1023 atque
732 945 768 1006 ab
790 945 875 1007 litore
895 945 995 1008 lunem

138 1048 203 1093 rum
226 1033 274 1091 ite.

137 1051 319 1194 nampquahs
336 1122 520 1193 quantusque
540 1131 610 1174 cavo
630 1111 827 1192 Polyphemus
848 1115 878 1173 in
899 1119 984 1174 antro

136 1199 282 1275 lanigeras
304 1197 411 1260 claudit
428 1196 558 1276 pecudes
580 1204 667 1274 atque
687 1196 781 1256 ubera
802 1203 931 1274 pressat,

138 1290 256 1344 centum
279 1280 326 1341 alii
349 1299 437 1342 curva
456 1281 530 1341 haec
550 1279 681 1340 habitant
699 1280 736 1339 ad
754 1279 840 1340 litora
860 1280 944 1358 volgo

136 1367 246 1427 infandi
268 1365 408 1445 Cyclopes
430 1372 458 1426 et
479 1363 543 1424 altis
564 1364 713 1424 montibus
735 1371 844 1425 errant.

137 1452 220 1511 tertia
243 1451 299 1511 iam
319 1449 406 1510 lunae
427 1467 459 1510 se
480 1466 591 1509 cornua
614 1446 724 1508 lumine
747 1446 906 1526 complent,

137 1553 204 1595 cum
221 1536 308 1595 vitem
327 1535 356 1594 in
377 1532 454 1593 silvis
474 1534 550 1593 inter
571 1532 686 1592 deserta
707 1532 838 1593 ferarum

137 1617 229 1679 lustra
253 1618 414 1695 domosque
433 1617 533 1687 traho,
556 1624 710 1694 vastosque
732 1615 768 1676 ab
791 1634 866 1694 rupe
889 1614 1030 1696 Cyclopas

136 1702 283 1780 prospicio
306 1703 491 1779 sonitumque
509 1701 618 1779 pedum
640 1718 800 1779 vocemque
817 1707 971 1761 tremesco.

138 1786 242 1845 rictum
260 1783 420 1854 infelicem,
438 1784 526 1844 bacas
546 1783 734 1866 lapidosaque
753 1801 860 1854 corna,

137 1869 206 1928 dant
227 1869 318 1937 rami,
343 1876 371 1927 et
393 1867 479 1928 volsis
500 1876 624 1946 pascunt
644 1861 793 1930 radicibus
815 1868 933 1930 herbae.

137 1953 232 2011 omnia
255 1950 439 2012 conlustrans
457 1951 535 2012 hanc
553 1954 681 2030 primum
697 1953 733 2012 ad
753 1951 837 2013 litora
860 1953 982 2014 classem

137 2036 275 2113 conspexi
293 2036 467 2096 venientem.
513 2036 581 2096 huic
602 2054 663 2105 me,
687 2054 890 2115 quaecumque
910 2037 1027 2107 luisset,

136 2118 247 2179 addixi:
270 2121 338 2180 satis
359 2128 403 2180 est
423 2126 539 2197 gentem
561 2120 697 2198 effugisse
719 2120 883 2189 nefandam.

136 2221 188 2262 vos
210 2203 335 2263 animam
362 2203 438 2264 hanc
460 2207 557 2283 potius
577 2222 764 2283 quocumque
786 2203 929 2269 absumite
945 2203 1031 2265 leto.’

177 2285 230 2346 Vix
252 2286 381 2347 ecfatus
403 2296 479 2357 erat,
502 2306 616 2348 summo
639 2307 706 2348 eum
728 2295 828 2349 monte
849 2287 982 2349 videmus
1109 2301 1163 2359 σω

136 2371 232 2449 ipsum
250 2371 327 2431 inter
345 2371 473 2449 pecudes
493 2380 572 2433 vasta
594 2390 626 2433 se
647 2371 725 2433 mole
745 2378 910 2434 moventem

136 2462 282 2533 pastorem
305 2454 515 2534 Polyphemum
538 2463 566 2516 et
586 2455 671 2516 litora
692 2464 761 2516 nota
783 2462 945 2533 petentem,

136 2546 300 2600 monstrum
315 2539 497 2600 horrendum
516 2541 643 2601 informe
657 2542 776 2617 ingens,
797 2540 845 2601 cui
858 2538 958 2599 lumen
975 2538 1163 2620 ademptum.

136 2628 240 2684 trunca
262 2641 350 2683 manu
369 2625 455 2702 pinus
478 2626 554 2701 regit
576 2632 605 2684 et
625 2625 744 2703 vestigia
767 2624 880 2690 llrmat;

136 2706 283 2784 lanigerae
305 2709 479 2768 comitantur
497 2725 580 2776 oves:
605 2726 638 2768 ea
660 2707 721 2768 sola
740 2706 872 2786 voluptas
1110 2720 1165 2777 ceo

136 2789 325 2868 solamenque
346 2790 424 2850 mali.

136 2880 293 2951 postquam
313 2871 385 2932 altos
406 2874 500 2948 tetigit
521 2874 627 2933 fluctus
650 2881 679 2934 et
702 2874 738 2934 ad
760 2892 886 2951 aequora
908 2872 1000 2944 venit,

136 2954 253 3015 luminis
276 2955 372 3014 ellossi
393 2955 514 3014 liuidum
536 2954 603 3013 lavit
622 2955 690 3015 inde
711 2973 847 3018 cruorem

136 3037 271 3098 dentibus
289 3036 458 3096 inlrendens
479 3037 603 3114 gemitu,
627 3037 816 3118 graditurque
835 3059 889 3120 per
906 3057 1019 3121 aequor

136 3122 193 3180 iam
212 3120 355 3189 medium,
377 3119 503 3180 necdum
525 3121 631 3181 fluctus
647 3119 738 3181 latera
760 3124 851 3184 ardua
870 3125 963 3186 tinxit
1110 3138 1165 3199 m

136 3221 191 3263 nos
208 3202 312 3281 procul
333 3203 400 3264 inde
422 3203 520 3282 lugam
541 3203 646 3282 trepidi
664 3203 793 3267 celerare
813 3215 935 3286 recepto

136 3286 269 3364 supplice
291 3286 332 3347 sic
355 3289 475 3357 merito,
501 3289 637 3365 tacitique
658 3287 788 3350 incidere
809 3290 923 3362 lunem,

51 3393 52 3397 ¹
138 3371 281 3430 verrimus
298 3379 326 3431 et
346 3373 432 3449 proni
455 3370 633 3433 certantibus
654 3385 782 3447 aequora
801 3375 900 3435 remis.

135 3453 226 3514 sensit
247 3453 332 3514 etad
355 3458 482 3518 sonitum
503 3455 581 3515 vocis
601 3452 718 3531 vestigia
739 3456 831 3516 torsit.
