2400 3878
424 221 565 270 vnnutnl
585 224 709 273 Annus
729 224 750 274 V
814 187 822 201 Ι

84 377 187 439 ordine
204 381 275 438 asna
296 378 393 440 locant
415 379 461 440 alii
478 379 593 458 lusique
614 398 668 459 per
690 380 811 441 herbam

84 461 230 522 subiciunt
251 463 368 524 veribus
387 481 497 542 prunas
520 470 547 523 et
568 464 678 524 viscera
702 471 853 544 torrent-‚⁸

125 544 282 622 Expectata
305 547 366 607 dies
387 548 487 608 aderat
505 564 670 624 nonamque
687 565 789 608 serena

84 630 228 688 Auroram
243 630 432 692 Phaethontis
455 632 522 708 equi
542 631 599 690 iam
619 629 685 691 luce
701 629 844 691 vehebant
1045 645 1094 698 105

83 715 217 790 famaque
236 714 372 774 finitimos
395 722 423 776 et
444 713 514 774 clari
536 731 644 774 nomen
663 714 784 774 Acestae

84 796 225 858 excierat:
248 795 322 858 laeto
345 797 526 877 complerant
548 797 633 858 litora
649 805 734 858 coetu

83 881 171 941 visuri
192 880 357 953 Aeneadae,
381 900 449 959 pars
471 891 499 942 et
518 888 631 941 certare
649 882 751 959 parati,

82 980 203 1024 munera
224 966 367 1043 principio
390 973 456 1027 ante
479 964 579 1026 oculos
601 966 737 1043 circoque
759 964 891 1028 locantur

82 1049 111 1108 in
134 1047 245 1122 medio,
268 1051 344 1109 sacri
365 1049 496 1128 tripodes
513 1047 676 1127 viridesque
700 1066 826 1110 coronae
1046 1064 1094 1114 110

82 1140 112 1191 et
132 1129 245 1208 palmae
262 1133 389 1212 pretinm
412 1132 585 1201 victoribus,
609 1149 748 1210 armaque
770 1141 798 1194 et
820 1141 899 1194 ostro

81 1212 219 1294 perfusae
242 1223 350 1286 vestes,
374 1218 486 1295 argenti
509 1217 630 1296 aurique
654 1215 777 1285 talenta:

81 1307 110 1358 et
131 1296 201 1357 tuba
223 1300 393 1358 commissos
415 1300 510 1361 medio
533 1300 609 1360 canit
628 1315 735 1378 aggere
756 1299 849 1360 ludos.

81 1383 175 1460 prima
194 1399 280 1461 pares
295 1384 396 1442 ineunt
414 1383 551 1460 gravibus
574 1385 732 1442 certamina
754 1386 843 1445 remis

81 1472 218 1543 quattuor
240 1484 275 1536 ex
295 1466 375 1524 omni
397 1464 528 1525 delectae
550 1466 642 1525 classe
665 1467 791 1524 carinae.
1045 1477 1092 1529 115

81 1547 211 1610 velocem
232 1548 400 1608 Mnestheus
423 1550 481 1626 agit
503 1549 563 1607 acri
582 1549 692 1624 remige
714 1547 844 1617 Pristim,

80 1633 158 1712 (mox
178 1631 267 1693 ltalus
288 1631 468 1699 Mnestheus,
491 1647 583 1708 genus
605 1649 621 1689 a
644 1648 702 1709 quo
719 1632 836 1692 nomine
859 1632 987 1709 Memmi)

79 1718 286 1795 ingentemque
307 1717 382 1793 Gyas
403 1715 512 1791 ingenti
533 1714 609 1775 mole
632 1713 828 1783 Chimaeram,

80 1798 162 1861 urbis
184 1816 271 1876 opus,
291 1796 398 1876 triplici
421 1796 515 1876 pubes
533 1815 620 1875 qnam
642 1797 776 1857 Dardana
798 1816 884 1860 versu

79 1883 246 1960 impellunt,
272 1880 370 1963 [terno
393 1888 574 1958 consurgunt
592 1881 695 1941 ordine
714 1879 819 1960 remi,]
1041 1892 1092 1946 110

79 1967 308 2044 Sergestusque,
327 1965 431 2024 domus
452 1971 532 2025 tenet
553 1982 569 2023 a
591 1983 649 2042 quo
670 1964 771 2040 Sergia
787 1982 910 2033 nomen,

79 2051 223 2111 Centauro
242 2048 387 2109 invehitur
407 2065 525 2125 magna,
550 2046 702 2125 Scyllaque
724 2046 882 2109 Cloanthus

79 2132 226 2201 caerulea,
247 2148 338 2208 genus
357 2130 435 2192 tunde
452 2130 519 2199 tihi,
539 2130 670 2191 Romane
692 2129 813 2191 Cluenti.

118 2217 170 2276 Est
190 2215 295 2294 procul
314 2217 344 2275 in
363 2213 468 2293 pelago
489 2231 590 2274 saxum
612 2216 776 2291 spumantia
801 2221 902 2275 contra

78 2300 176 2368 htora‚
200 2299 279 2376 quod
296 2297 414 2359 tumidis
435 2296 620 2358 submersum
641 2297 774 2357 tunditur
796 2297 864 2358 olim
1043 2307 1090 2358 125

77 2383 229 2451 lluetihus,
252 2381 367 2443 hiberni
387 2380 516 2441 condunt
537 2379 589 2441 ubi
608 2378 705 2441 sidera
725 2381 801 2447 corl;

77 2465 233 2542 tranquillo
253 2464 318 2526 silet
337 2467 515 2542 immotaque
536 2461 674 2522 attollitur
693 2462 774 2523 unda

78 2565 198 2625 campus
222 2555 250 2608 et
272 2549 377 2626 apricis
398 2548 482 2606 statio
505 2547 666 2622 gratissima
687 2548 804 2622 mergis,

78 2631 125 2691 hic
146 2632 268 2692 viridem
286 2632 398 2690 Aeneas
420 2629 567 2688 frondenti
586 2646 622 2687 er
643 2627 708 2689 ilice
731 2636 837 2689 metam

80 2716 228 2775 constituit
247 2716 363 2792 signnm
385 2713 479 2772 narrtis
501 2718 599 2789 pater,
619 2711 697 2770 unde
718 2713 825 2772 reverti
1043 2723 1089 2776 tao

77 2799 186 2859 scirent
208 2805 236 2859 et
256 2797 360 2875 longos
381 2795 432 2857 ubi
455 2793 685 2855 circumflectere
708 2813 819 2856 cursus.

76 2889 139 2942 tum
161 2880 225 2942 loca
246 2888 326 2941 sorte
347 2879 461 2956 legunt,
485 2878 598 2956 ipsique
618 2879 648 2938 in
669 2879 816 2956 puppibus
838 2899 909 2942 auro

77 2965 214 3026 ductores
236 2964 324 3042 longe
345 2962 484 3042 effulgent
505 2968 644 3040 ostroque
664 2964 778 3034 decori;

77 3057 174 3109 cetera
194 3047 319 3127 populea
338 3047 450 3108 relatur
471 3044 575 3106 fronde
596 3047 728 3107 iuventus

77 3132 260 3211 nudatosque
279 3148 396 3192 umeros
418 3129 483 3190 oleo
504 3129 622 3206 perlusa
644 3131 767 3193 nitescit.
1039 3142 1087 3194 135

77 3215 231 3276 considunt
251 3216 401 3282 transtris,
423 3215 591 3290 intentaque
608 3212 745 3275 bracchia
768 3218 871 3282 remis;

76 3297 179 3358 intenti
200 3306 353 3375 expectant
373 3299 502 3375 signum,
526 3294 742 3373 exultantiaque
763 3298 860 3358 haurit

77 3381 165 3441 corda
187 3398 278 3460 pavor
298 3379 416 3459 pulsans
435 3380 613 3456 laudumque
634 3387 747 3439 arrecta
766 3381 880 3458 cupido.

77 3462 143 3525 inde
165 3464 215 3525 uhi
235 3463 313 3525 clara
335 3462 415 3524 dedit
435 3464 561 3525 sonitum
581 3458 666 3522 tuba,
690 3462 808 3523 funibus
829 3480 945 3530 omnes,
