2400 3878
131 173 190 234 196
392 145 398 152 ’
461 185 603 232 vnnernr
624 183 748 231 nunms
772 184 807 229 vr

125 339 192 419 (boc
210 339 264 400 sibi
285 339 408 418 pulchra
433 359 518 401 suum
542 338 613 399 ferri
631 338 806 415 Proserpina
827 355 934 399 munus

124 424 261 484 instituit:
282 425 377 502 primo
400 423 497 484 avolso
520 440 578 483 non
599 422 695 483 deficit
716 420 788 482 alter

125 525 247 576 aureus,
272 514 300 567 et
321 509 406 568 simili
426 508 584 569 frondescit
606 507 687 583 virga
707 504 846 580 metallo.)

125 609 196 666 ergo
219 590 275 650 alte
296 592 403 670 vestiga
425 590 517 652 oculis
538 591 639 650 etrite
661 599 812 667 repertum
1098 605 1154 659 145

124 691 213 751 carpe
235 692 333 735 manu.
377 694 503 753 namque
524 676 586 751 ipse
605 671 706 733 volens
727 671 878 751 facilisque
898 684 1057 751 sequetur,

124 759 148 817 si
167 765 196 818 te
218 758 276 818 fata
298 767 416 818 vocant:
435 759 518 818 aliter
538 775 597 817 non
616 757 725 817 viribus
747 754 814 815 ullis

123 843 241 902 vincere
261 860 316 902 uec
334 844 408 903 duro
423 845 534 921 poteris
555 839 719 902 convellere
740 840 829 899 ierro.

123 934 277 1003 praeterea
294 927 369 986 iacet
394 930 560 986 exanimum
581 924 632 984 tibi
653 941 761 1002 corpus
783 924 867 984 amici

124 1008 192 1088 (beu
214 1010 318 1087 nescis)
340 1018 489 1088 totamque
511 1011 633 1070 incestat
656 1009 759 1069 sunere
782 1006 919 1076 classem,
1097 1023 1155 1076 150

123 1091 194 1152 dum
217 1092 347 1153 consulta
370 1096 446 1170 petis
468 1103 628 1171 nostroque
650 1095 678 1152 iu
701 1092 801 1152 limine
819 1092 939 1169 pendes,

123 1175 242 1237 sedibus
263 1176 342 1237 bunc
365 1177 443 1238 reier
466 1188 533 1238 ente
554 1177 615 1238 suis
638 1184 666 1237 et
687 1176 781 1236 conde
801 1174 969 1252 sepulchro.

124 1260 181 1320 duc
201 1262 301 1339 nigras
322 1262 464 1339 pecudem
488 1280 521 1322 ea
541 1262 636 1338 prima
659 1259 772 1337 piacula
795 1267 889 1320 sunto.

122 1345 165 1403 sic
188 1344 305 1405 demum
327 1343 410 1406 lucos
433 1345 528 1425 Stygis
550 1355 579 1405 et
601 1362 692 1423 regua
713 1346 789 1403 invia
809 1344 878 1403 u'ris

123 1427 269 1505 aspicies’
314 1429 385 1488 dixit
407 1448 568 1509 pressoque
589 1429 734 1489 obmutuit
755 1446 816 1488 ore.

165 1512 276 1573 deneas
294 1521 405 1574 maesto
424 1513 536 1575 defixus
555 1512 664 1575 lumina
684 1511 763 1572 voltu

122 1596 299 1673 ingreditur,
321 1596 456 1676 linquens
477 1607 606 1666 antrum,
628 1614 790 1675 caecosque
811 1594 921 1656 volutat

123 1689 242 1740 eventus
264 1682 360 1740 auimo
383 1701 493 1742 secum.
539 1684 586 1742 cui
607 1681 682 1742 fidus
702 1681 827 1741 Achates

122 1763 144 1822 it
166 1780 265 1823 comes
288 1773 316 1823 ot
334 1764 455 1841 paribus
479 1768 557 1826 curis
577 1765 697 1842 vestigia
719 1765 788 1840 figit.

123 1843 213 1907 multa
234 1847 309 1906 inter
331 1866 395 1908 sese
421 1850 500 1908 vario
522 1867 659 1910 sermone
680 1847 833 1917 serebant,

123 1947 210 2007 quem
232 1933 344 1991 socium
367 1935 530 1994 exanimem
549 1942 644 2002 vates,
668 1933 746 2010 quod
770 1949 877 2008 corpus
896 1930 1085 1993 humandum

122 2012 241 2073 diceret
287 2023 374 2092 atquc
395 2015 435 2076 illi
456 2015 599 2077 Misenum
621 2017 650 2076 in
673 2016 759 2077 litore
780 2016 873 2084 sicco,

123 2106 154 2156 ut
176 2115 296 2167 venero,
320 2099 418 2160 vident
437 2101 554 2179 indigna
577 2108 671 2161 morte
692 2106 892 2179 peremptum,

121 2179 263 2240 Misenum
284 2182 438 2253 Aeoliden,
458 2204 516 2263 qno
537 2204 596 2245 non
618 2185 814 2262 praestantior
832 2181 904 2243 alter

122 2282 191 2324 aere
213 2267 292 2325 ciere
309 2266 387 2327 viros
403 2268 586 2347 Martemque
605 2269 768 2330 accendere
785 2274 881 2328 cantu.

121 2347 256 2408 Hectoris
278 2349 326 2410 hic
347 2354 445 2430 magni
462 2352 558 2413 iuerat
576 2372 687 2422 comes,
707 2353 833 2413 Hectora
856 2351 967 2410 circum

123 2440 151 2493 et
173 2431 245 2493 lituo
265 2452 378 2512 pugnas
401 2437 521 2515 insignis
543 2437 642 2497 obibat
664 2445 692 2497 et
711 2436 802 2496 hasta.

121 2525 276 2596 postquam
297 2517 379 2579 illum
399 2522 455 2581 vita
477 2522 568 2581 victor
589 2521 721 2600 spoliavit
739 2519 878 2588 Achilles,

121 2600 266 2661 Dardanio
288 2605 405 2665 Aeneae
427 2622 490 2666 sese
511 2606 684 2667 fortissimus
705 2605 794 2664 heros

121 2686 272 2746 addiderat
289 2689 416 2757 socium,
437 2706 497 2748 non
519 2691 657 2751 interiora
679 2696 805 2749 secutus.

121 2767 249 2829 sedtum
267 2769 344 2830 forte
366 2790 435 2831 cava
456 2773 525 2833 dum
548 2781 686 2851 personat
708 2789 836 2849 aequora
858 2771 985 2841 concha,

121 2852 256 2918 demens,
278 2861 306 2910 et
325 2863 412 2914 cantu
433 2865 517 2914 vocat
539 2858 568 2914 in
588 2857 746 2917 certamina
768 2855 863 2924 divos,

115 2933 253 3002 ,aemulus
276 2947 430 3012 exceptum
452 2937 571 3007 Triton,
592 2940 618 2997 si
640 2940 762 2999 credere
784 2939 904 3016 dignum
927 2946 985 3007 est,

120 3019 196 3077 inter
219 3034 287 3076 saxa
307 3019 402 3080 virum
423 3038 562 3098 spumosa
584 3024 758 3082 inmerserat
782 3022 869 3083 unda.

121 3117 193 3176 ergo
215 3118 317 3160 omnes
337 3120 444 3180 magno
468 3105 579 3165 circum
602 3104 731 3167 clamore
753 3105 932 3174 fremebant,

120 3185 278 3262 praecipue
300 3187 366 3263 pius
387 3191 509 3249 Aeneas
553 3199 616 3251 tum
638 3191 716 3250 iussa
738 3189 878 3269 Sibyllae,

119 3267 190 3329 haut
213 3286 308 3338 mora,
332 3269 468 3333 festinant
489 3273 593 3335 flentes
615 3293 754 3354 aramque
777 3272 934 3352 sepulchro

121 3370 282 3429 congerere
304 3354 461 3418 arboribus
483 3358 623 3438 caeloque
643 3360 770 3420 educere
791 3365 912 3418 certant.

120 3438 178 3496 itur
200 3438 229 3496 in
250 3438 397 3517 antiquam
420 3440 536 3511 silvam,
559 3441 671 3503 stabula
691 3442 748 3503 alta
768 3442 912 3509 ferarum,
