2400 3878
359 743 896 822 nvnnamrnsnunre

287 915 521 1013 AEN
573 917 790 1013 EID
843 918 888 1015 O
941 918 973 1016 S

451 1089 566 1146 LIBER
588 1088 815 1147 UNDECIMUS

560 1289 690 1299 ——Q-

128 1420 276 1481 Oceanum
295 1421 407 1480 interea
430 1436 554 1497 surgens
575 1420 688 1480 Aurora
711 1421 842 1499 reliquit:

129 1506 248 1574 Aeneas,
269 1522 448 1585 quamquam
472 1510 500 1565 et
522 1504 608 1565 sucis
631 1503 701 1565 dare
721 1514 837 1583 tempus
857 1504 1012 1566 humandis

128 1589 320 1667 praecipitant
342 1607 431 1649 curae
453 1587 628 1665 turbataque
648 1592 751 1649 funere
772 1605 856 1649 mens
874 1596 926 1656 est,

129 1680 192 1732 vota
214 1671 300 1732 deum
323 1674 418 1750 primo
441 1673 534 1732 vietur
554 1670 684 1733 solvebat
705 1672 777 1733 Eoo.

129 1764 277 1832 ingentem
301 1773 442 1834 quereum
464 1755 569 1815 decisis
590 1754 720 1833 undique
741 1757 830 1815 ramis

127 1839 275 1899 constituit
293 1836 407 1899 tumulo
430 1837 628 1917 fulgentiaque
650 1838 743 1899 induit
764 1855 854 1907 arma,

127 1922 251 1982 Mezenti
273 1921 355 1982 ducis
374 1921 500 1991 exuvias,
522 1921 583 1990 tibi,
606 1939 720 1998 magne,
742 1927 905 1998 tropaeum,

127 2005 315 2083 bellipotens:
338 2012 418 2083 aptat
436 2005 564 2064 rorantis
584 2006 726 2082 sanguine
749 2006 852 2067 cristas

126 2088 241 2167 telaque
263 2096 366 2149 trunca
388 2089 442 2148 riri
464 2095 492 2148 et
513 2087 558 2148 bis
577 2105 628 2148 sex
649 2088 769 2149 thuraea
791 2090 913 2166 petitum

125 2172 350 2253 perfossumque
371 2171 443 2233 loeis
465 2170 649 2250 clipeumque
671 2191 706 2233 ex
725 2190 793 2233 aere
814 2173 947 2233 sinistrae
1104 2182 1141 2235 10

125 2255 251 2334 subligat
271 2261 357 2335 sique
380 2272 480 2316 ensem
501 2254 575 2316 eollo
597 2256 749 2335 suspendit
769 2255 926 2318 eburnum.

126 2348 188 2403 tum
210 2341 306 2401 socios
328 2341 463 2419 (namque
487 2341 581 2400 omnis
603 2358 670 2401 eum
688 2343 792 2419 stipata
814 2338 930 2417 tegebat

126 2424 212 2485 turba
229 2424 346 2503 ducum)
369 2427 411 2485 sie
431 2424 573 2503 incipiens
595 2424 729 2487 hortatur
749 2425 875 2485 ovantis:

126 2510 264 2569 ‘maxima
288 2526 337 2569 res
360 2509 471 2578 edecta,
494 2508 564 2577 vim
586 2510 673 2569 timor
694 2509 788 2569 omnis
798 2506 920 2575 abesto,

124 2592 203 2671 qued
225 2600 374 2670 superest:
396 2592 470 2654 haee
491 2599 560 2653 sunt
579 2591 671 2670 spolia
692 2602 721 2653 et
743 2592 780 2653 de
800 2607 871 2668 rege
892 2586 1022 2669 superbo
1104 2598 1139 2651 ts

123 2677 278 2755 primitiae,
300 2675 493 2753 manibusque
514 2676 588 2737 meis
604 2675 763 2736 Mezentius
783 2674 832 2736 hie
853 2680 905 2734 est.

124 2777 203 2820 nune
220 2760 276 2819 iter
294 2759 331 2819 ad
349 2776 451 2836 regem
472 2758 557 2819 nobis
578 2776 738 2838 murosque
758 2758 886 2818 Latinus.

125 2859 206 2903 arma
228 2848 330 2918 parate
351 2842 456 2900 animis
477 2849 505 2899 et
527 2857 579 2918 spe
600 2843 778 2917 praesumite
798 2838 919 2908 bellum,

124 2941 219 3002 nequa
241 2941 324 2983 mora
346 2923 473 3000 ignarus,
496 2920 548 2981 ubi
568 2923 695 2999 primum
716 2921 823 2983 vellere
845 2924 928 3000 signa

124 3008 279 3068 adnuerint
300 3006 400 3084 superi
416 3003 584 3082 pubemque
606 3005 731 3066 educere
754 3006 867 3076 saeuis,
1098 3014 1138 3068 ¹0

123 3090 252 3170 inpediat
273 3089 405 3166 segnisve
426 3095 506 3149 metu
528 3090 672 3149 sententia
691 3088 795 3150 tardet.

124 3175 236 3240 interea
259 3174 355 3234 socios
376 3170 585 3251 inhumataque
604 3189 729 3251 corpora
751 3180 850 3234 terrae

2 3281 5 3288 ·
124 3257 303 3327 mandemus,
325 3258 376 3337 qui
395 3254 474 3317 solus
493 3255 587 3318 honos
605 3256 771 3318 Acheronte
791 3256 845 3317 sub
867 3257 965 3316 uuest.

122 3336 175 3402 ite'
198 3342 245 3414 ait,
265 3341 412 3419 ‘egregias
434 3340 553 3410 animas,
576 3358 650 3420 quae
669 3341 811 3418 sanguine
832 3338 917 3401 nobis
