2400 3878
142 224 181 289 48
443 240 585 288 vanarn
607 239 807 288 cuoncrcou
827 243 853 287 n

141 403 169 456 et
186 396 325 456 Venerem
349 396 435 454 certis
458 402 593 471 repetunt
615 402 746 455 armenta
768 393 885 464 diebus;

141 479 265 556 parturit
287 477 379 538 almus
401 495 486 555 ager,
509 478 685 556 zephyrique
707 477 871 556 tepentibus
894 479 972 539 auris

141 567 239 622 laxant
261 580 329 621 arva
351 562 448 629 sinus;
472 570 592 638 superat
613 569 696 622 tener
719 562 853 622 omnibus
875 579 976 628 umor:

140 646 228 723 inque
250 662 340 703 novos
362 643 437 704 soles
460 645 568 704 audent
589 662 620 706 se
642 646 774 721 germina
796 652 858 705 tuto

141 728 276 796 credere,
299 746 354 787 nec
376 729 479 788 metuit
499 731 645 806 surgentis
667 729 821 806 pampinus
843 735 957 789 austros

141 819 191 872 aut
212 819 308 871 actum
332 810 411 871 caelo
433 813 546 888 magnis
567 812 750 890 aquilonibus
772 812 906 881 imbrem,

141 896 192 956 sed
214 895 304 955 trudit
325 911 455 971 gemmas
479 902 507 955 et
529 894 648 956 lrondes
671 895 794 972 explicat
816 896 919 955 omnis.

141 997 199 1038 non
221 977 292 1038 alios
314 979 407 1055 prima
430 980 586 1039 crescentis
609 980 720 1057 origine
742 979 843 1038 nrurrdi

140 1061 278 1122 inluxisse
300 1062 360 1122 dies
383 1061 506 1123 aliumve
527 1062 664 1123 habuisse
685 1070 818 1123 tenorem

141 1144 329 1206 crediderim:
356 1163 407 1205 ver
428 1144 497 1206 illud
520 1154 596 1216 erat,
619 1164 669 1206 rer
690 1163 814 1222 magnus
836 1145 940 1223 agebat

141 1229 236 1298 orbis,
261 1237 289 1289 et
311 1228 441 1289 hibernis
463 1229 622 1305 parcebant
644 1228 759 1289 {latibus
783 1229 854 1296 euri,

142 1331 207 1372 cum
230 1313 341 1391 primae
363 1311 458 1372 lucem
481 1313 608 1390 pecudes
629 1312 769 1382 hausere,
793 1313 946 1391 virumque

141 1404 238 1457 terrea
261 1398 416 1473 progenies
438 1396 519 1457 duris
542 1403 628 1474 caput
651 1395 752 1456 extulit
774 1397 858 1464 arvis,

141 1480 345 1558 immissaeque
367 1479 447 1540 serae
470 1479 545 1540 silvis
568 1487 596 1540 et
617 1480 712 1540 sidera
735 1479 824 1540 caelo.

141 1555 216 1623 *nec
229 1582 279 1624 res
295 1563 375 1624 hunc
390 1574 512 1625 tenerae
526 1571 647 1641 possent
667 1565 800 1641 perferre
822 1561 962 1633 laborem,

141 1647 164 1704 si
187 1664 246 1706 non
269 1654 347 1707 tanta
371 1649 452 1723 quies
474 1648 529 1707 iret
552 1646 701 1725 frigusque
724 1647 910 1724 caloremque

140 1729 230 1799 inter,
254 1737 283 1790 et
304 1731 452 1806 exciperet
474 1729 544 1790 caeli
566 1729 742 1807 indulgentia
765 1732 888 1790 terras*
1099 1741 1156 1797 345

183 1813 267 1884 Quod
294 1822 440 1890 superest,
471 1831 671 1891 quaecumque
692 1832 809 1891 premes
830 1813 953 1892 virgulta
975 1832 1028 1891 per
1050 1833 1154 1894 agros,

143 1913 248 1972 sparge
271 1897 338 1955 iimo
361 1897 477 1972 pingui,
501 1902 529 1956 et
550 1895 639 1956 multa
662 1915 775 1957 memor
798 1897 899 1958 occule
922 1905 1010 1966 terra,

141 1987 191 2041 aut
212 1979 336 2058 lapidem
359 1979 491 2040 bibulum
513 1987 563 2041 aut
584 1979 742 2059 squalentis
762 1981 861 2042 inlode
884 1981 1027 2042 conchas·

141 2065 217 2123 inter
240 2064 316 2124 enim
339 2063 474 2124 labentur
496 2082 603 2142 aquae,
627 2066 779 2143 tenuisque
802 2064 911 2125 subibit

142 2146 263 2216 halitus,
287 2154 373 2226 atque
396 2149 508 2208 animos
530 2146 632 2208 tollent
653 2156 723 2209 sata.
754 2149 870 2227 iamque
892 2149 1010 2226 reperti,
1100 2160 1157 2215 350

142 2232 192 2308 qui
213 2249 282 2291 saxo
305 2248 394 2309 super
417 2239 504 2310 atque
525 2233 650 2310 ingentis
671 2233 802 2309 pondere
823 2239 914 2292 testae

144 2323 297 2391 urgerent:
321 2315 377 2375 hoc
401 2317 508 2376 eilusos
529 2317 678 2377 munimen
702 2316 737 2376 ad
759 2315 878 2383 imbres,

141 2398 212 2467 hoc,
235 2399 286 2459 ubi
309 2398 404 2460 hiulca
427 2400 472 2460 siti
494 2400 577 2460 findit
598 2400 678 2460 canis
699 2399 816 2460 aestifer
838 2415 914 2459 arva.

184 2483 349 2544 Seminibus
371 2485 471 2563 positis
492 2492 626 2562 superest
647 2483 785 2544 diducere
805 2489 914 2543 terram

142 2569 257 2646 saepius
279 2569 314 2628 ad
339 2570 430 2647 capita
454 2576 483 2629 et
504 2569 594 2629 duros
615 2570 723 2628 iactare
745 2566 879 2636 bidentis,
1098 2578 1156 2634 35⁶

141 2657 192 2711 aut
212 2669 315 2729 presso
338 2671 476 2713 exercere
497 2651 591 2712 solum
613 2651 668 2713 sub
691 2669 810 2712 vomere
833 2657 861 2712 et
883 2651 944 2728 ipsa

141 2733 259 2797 lleotere
279 2734 415 2796 luctantis
437 2737 512 2796 inter
533 2739 626 2796 vineta
649 2737 799 2802 iuvencos;

141 2824 202 2877 tum
224 2818 293 2878 levis
316 2819 441 2878 calamos
463 2826 491 2878 et
512 2836 596 2878 rasae
617 2817 729 2877 hastilia
751 2819 849 2893 rirgae

122 2899 343 2979 'lraxineasque
366 2909 466 2978 aptare
488 2901 575 2961 sudes
598 2901 752 2978 furcasque
774 2899 902 2967 valentis,

141 2983 249 3043 viribus
272 2986 340 3044 eniti
362 3002 485 3063 quarum
508 2990 538 3044 et
559 2991 747 3043 contemnere
768 2990 869 3043 ventos
1097 2996 1156 3052 3⁶0

141 3068 313 3128 adsuescant
334 3084 520 3145 summasque
541 3068 624 3144 sequi
645 3066 773 3127 tabulata
794 3084 848 3143 per
870 3065 973 3126 ulmos.

182 3150 223 3212 Ac
246 3151 314 3211 dum
337 3151 429 3228 prima
453 3153 534 3211 novis
556 3149 695 3211 adolescit
717 3151 869 3211 lrondibus
892 3158 979 3220 aetas,

140 3237 319 3312 parcendum
341 3236 463 3304 tenoris,
488 3243 516 3296 et
538 3236 605 3295 dum
629 3234 774 3311 solacius
796 3236 831 3295 ad
855 3253 940 3295 auras

140 3317 251 3397 palmes
273 3321 331 3396 agit
351 3318 423 3379 laxis
444 3338 497 3397 per
519 3339 626 3398 purum
648 3321 793 3380 immissus
815 3320 946 3389 habenis

139 3404 201 3482 ipsa
224 3405 285 3464 acie
307 3405 437 3466 nondum
459 3405 540 3465 lalcis
562 3405 738 3482 temptanda,
762 3405 812 3465 sed
835 3406 919 3464 uncis
1096 3409 1155 3471 tm

140 3489 303 3567 carpendae
325 3490 459 3551 manibus
480 3488 600 3550 frondes
621 3489 755 3569 interque
776 3488 927 3567 legendae.
