2400 3878
127 212 185 271 110
461 219 604 267 vncomr
628 219 753 266 usurus
777 218 801 263 u

123 376 173 438 sed
197 375 266 453 quid
288 391 343 451 ego
365 375 439 435 haec
460 382 557 434 autem
579 374 757 450 nequiquam
779 373 891 449 ingrata
912 369 1052 431 revolvo?

124 460 229 538 quidve
248 475 363 527 moror,
386 459 410 518 si
432 459 527 517 omnis
547 475 606 517 uno
628 456 732 516 ordine
754 454 867 515 habetis
882 454 1007 514 Achivos

123 544 211 620 idque
228 542 329 602 audire
350 550 395 602 sat
416 542 476 602 esti
499 540 660 601 iandudum
679 540 785 600 sumite
806 555 931 616 poenas:

124 626 181 685 hoc
203 625 319 685 lthaeus
340 624 406 685 velit
426 633 454 684 et
476 642 582 701 magno
605 631 773 765 muscarum
791 621 933 683 Atridae?

165 709 240 769 Tum
263 726 331 768 vero
353 707 490 769 ardemus
511 708 609 767 scitari
632 725 648 766 e
721 724 824 767 aerere
844 722 937 773 casus,
1098 723 1151 777 106

122 793 221 868 ignari
243 791 389 852 scelerum
412 799 558 851 tantorum
579 791 707 868 artisque
727 788 876 867 Pelasgae.

124 877 314 954 prosequitur
334 877 465 953 pavitans
485 883 514 935 et
533 876 600 935 ficto
619 881 740 952 pectore
760 874 852 933 latur:

166 959 276 1036 ‘Saepe
299 936 618 1034 lugaffllanai'lio'ia
637 957 755 1034 cupiere
773 955 875 1017 relicta

124 1041 220 1103 moliri
239 1050 268 1102 et
289 1041 376 1118 longo
398 1042 467 1127 lessi
489 1041 640 1103 discedere
664 1041 758 1109 bello;

124 1125 320 1203 fecissentque
342 1126 467 1185 utinam!
490 1143 578 1204 saepe
595 1123 660 1185 illos
682 1142 785 1202 aspera
803 1124 886 1200 ponti
1098 1138 1150 1192 110

123 1208 287 1269 interclusit
308 1209 436 1287 hiemps,
460 1217 489 1270 et
510 1211 614 1269 terruit
635 1216 734 1269 auster
754 1207 859 1268 euntis.

124 1293 283 1380 prae-cipue
306 1311 373 1353 cum
393 1293 451 1352 iam
470 1293 519 1353 hic
540 1291 673 1353 trabibus
695 1299 848 1353 contextus
867 1291 982 1388 acernis

124 1383 216 1437 staret
238 1393 322 1445 ecus,
344 1386 404 1435 toto
427 1387 590 1437 sonuerunt
611 1376 731 1437 aethere
751 1374 853 1435 nimbi.

124 1462 259 1537 suspensi
280 1458 459 1539 Eurypylum
480 1461 632 1520 scitantem
654 1458 772 1521 oracula
794 1456 906 1519 Phoebi

124 1543 280 1613 mittimus,
303 1545 387 1621 isque
408 1544 500 1688 ἕψε
519 1544 593 1605 haec
613 1544 706 1604 tristia
726 1543 802 1603 dicta
825 1548 969 1620 reportat:

125 1629 291 1704 “sanguine
308 1626 407 1704 placas
446 1630 566 1688 “ventos
589 1635 617 1687 et
639 1628 750 1702 virgine
772 1643 870 1705 offla,

124 1727 192 1770 cum
214 1712 343 1786 primum
363 1709 482 1780 iliacas,
506 1711 609 1779 Danai,
631 1711 748 1769 venistis
769 1709 806 1771 ad
827 1726 910 1770 oras:

124 1794 265 1868 sanfflune
286 1794 446 1872 quaerendi
466 1793 593 1863 reditus,
616 1794 770 1870 animaque
791 1791 933 1878 litum-um

125 1874 289 1953 Argolica.’'
333 1874 409 1952 volgi
432 1894 580 1954 quaeror
603 1885 634 1936 ut
655 1877 733 1936 venit
755 1876 792 1937 ad
815 1877 903 1945 auris,

128 1958 293 2054 obstipuere
310 1959 412 2029 animi,
437 1959 608 2037 gelidusque
630 1977 684 2038 per
706 1960 764 2019 ima
787 1961 917 2021 cucurrit

124 2060 190 2102 ossa
211 2052 337 2112 tremor,
363 2043 409 2104 cui
431 2041 489 2104 lata
510 2052 630 2121 parent,
652 2061 739 2122 quem
762 2052 864 2122 poscat
883 2039 996 2121 Apollo.

124 2127 172 2185 uic
192 2125 310 2187 ithacus
329 2133 423 2186 vatem
445 2144 552 2205 magno
574 2127 731 2189 Calchanta
751 2127 877 2188 tumultu

123 2209 269 2286 protrahit
291 2211 320 2270 in
342 2210 469 2270 medios:
493 2230 567 2289 quae
584 2213 642 2271 siut
663 2231 696 2272 ea
717 2213 837 2272 numina
859 2210 970 2278 divom,

123 2293 241 2369 flagitat.
286 2302 315 2354 et
332 2294 403 2354 mihi
424 2294 482 2354 iam
505 2294 586 2354 multi
609 2294 728 2356 crudele
748 2293 890 2356 canebant

123 2374 241 2437 hunnis
261 2375 356 2438 scelus
378 2386 407 2437 et
426 2378 505 2438 taciti
526 2389 647 2439 ventura
668 2374 855 2439 videballff‘*

123 2459 168 2519 bis
190 2461 294 2538 quinos
310 2460 376 2522 silet
396 2459 444 2522 ille
468 2462 531 2523 dies
552 2473 705 2541 tectusque
723 2471 839 2547 renuunt

123 2544 250 2622 prodere
273 2562 344 2605 voce
364 2563 416 2606 sua
438 2565 615 2624 quemquam
637 2553 686 2606 aut
708 2563 858 2625 opponere
879 2543 976 2603 morti.

124 2629 170 2687 vix
190 2628 323 2698 tandem,
344 2631 458 2706 magnis
480 2630 572 2691 lthaci
594 2627 886 2695 clamoribns‘dctus,

124 2713 286 2788 composito
304 2716 415 2790 rumpit
436 2731 553 2788 vocem,
577 2723 606 2773 et
628 2733 675 2774 me
698 2714 822 2774 destinat
843 2729 920 2771 arae.

123 2779 280 2867 adminuere
303 2813 419 2864 omnes,
443 2804 472 2855 et
493 2814 567 2872 quae
589 2795 644 2854 sibi
662 2797 785 2873 quisque
807 2793 926 2856 timebat

123 2864 257 2936 urbisin
275 2878 374 2936 misem
396 2877 516 2937 exitium
534 2894 674 2935 conversa
696 2877 799 2938 tulere.

122 2959 239 3035 iamque
260 2958 322 3018 dies
344 2958 461 3018 infanda
484 2957 603 3018 aderat:
625 2944 801 3020 mmiTacra
817 2962 916 3038 parari

123 3050 152 3101 et
173 3040 265 3130 splsae
287 3042 388 3119 fruges
406 3049 435 3101 et
457 3042 568 3102 circum
589 3049 722 3118 tempora
744 3044 838 3123 uittae.

123 3120 363 3202 eripui','lalecr;
385 3123 443 3184 leto
460 3143 508 3185 me
530 3135 558 3186 et
581 3123 694 3186 vincula
716 3120 800 3205 rupi,

122 3205 284 3284 limosoque
305 3206 371 3268 lacu
394 3218 584 3287 pernoctem
604 3207 748 3269 obscurus
769 3213 799 3270 iu
820 3211 886 3271 ulva

122 3270 238 3379 dffi,
260 3286 414 3352 duisiela
430 3294 549 3363 darem,
572 3293 597 3351 si
618 3290 693 3351 lorte
716 3280 872 3354 dedisselft

122 3391 177 3434 nec
197 3374 269 3433 mihi
291 3375 349 3434 iam
367 3378 490 3454 patriam
511 3376 659 3452 antiquam
679 3392 747 3453 spes
768 3376 826 3437 ulla
850 3376 963 3437 videndi

121 3475 177 3518 nec
199 3456 322 3537 duplicis
341 3467 424 3520 natos
441 3465 669 3537 exoptatumque
690 3468 858 3536 parentem
