2400 3878
139 193 196 255 164
465 200 606 247 venena
621 199 746 247 annnrs
765 199 818 246 1111

138 358 275 437 carpebat
295 374 412 417 somnos
434 354 524 416 rebus
546 357 603 415 iam
625 355 679 415 rite
700 356 816 432 paratis.

137 442 204 504 huic
224 461 254 502 se
274 441 367 501 lorma
390 441 436 500 dei
456 439 534 501 voltu
556 437 705 499 redeuntis
729 439 830 500 eodem

137 526 240 605 optulit
261 527 290 584 in
313 524 422 584 somnis
440 540 603 601 rursusque
623 524 661 582 ita
681 523 740 583 visa
762 531 924 591 monerem,

137 611 233 669 omnia
254 608 399 668 Mercurio
422 605 538 675 similis,
561 624 720 683 vocemque
744 605 931 684 coloremque

138 702 166 754 et
188 694 276 753 crinis
299 691 388 751 llavos
412 698 440 752 et
460 690 591 751 membra
612 689 719 750 decora
739 691 885 751 iuventae:

138 784 219 837 ‘nate
242 776 309 844 dea,
330 784 413 853 potes
432 775 488 834 hoc
509 773 563 834 sub
588 791 657 834 casu
679 774 787 834 ducere
806 791 939 843 somnos,
1102 788 1159 844 500

136 878 191 920 nec
214 877 288 937 quae
312 868 339 919 te
362 860 472 919 circum
492 864 569 918 stent
591 856 694 918 deinde
717 856 846 934 pericula
868 859 979 928 cernis,

136 942 272 1012 demens,
292 961 347 1003 nec
367 942 509 1020 zephyros
530 942 612 1001 audis
630 943 741 1019 spirare
761 940 924 1002 secundos?

136 1025 184 1087 illa
206 1026 288 1087 dolos
311 1026 466 1105 dirumque
486 1025 568 1086 nefas
586 1027 615 1086 in
638 1033 757 1103 pectore
781 1032 890 1087 versat.

137 1118 216 1170 certa
239 1110 329 1180 mori,
351 1111 503 1188 variosque
522 1111 633 1169 irarum
656 1110 780 1169 concitat
802 1116 898 1169 aestus

136 1211 196 1254 non
214 1195 290 1270 iugis
312 1194 380 1254 binc
401 1210 559 1273 praeceps,
583 1192 653 1254 dum
675 1194 867 1271 praecipitare
886 1194 1032 1271 potestasl
1100 1194 1157 1263 5¹55

136 1279 193 1338 iam
217 1296 298 1339 mare
321 1276 433 1338 turbari
456 1276 588 1337 trabibus
610 1294 768 1356 saevasque
790 1276 900 1338 videbis
927 1340 931 1347 ,

137 1360 295 1422 conlucere
317 1363 409 1429 laces,
429 1362 486 1421 iem
509 1361 623 1422 fervere
644 1359 728 1421 litora
751 1360 889 1430 llammis,

136 1447 160 1504 si
181 1452 209 1506 te
227 1444 273 1505 his
291 1446 418 1522 attigerit
439 1446 526 1505 terris
548 1445 662 1506 Aurora
684 1452 856 1506 morantem.

136 1528 201 1589 heia
224 1547 293 1607 age,
316 1546 421 1606 rumpe
441 1546 548 1589 moras.
592 1529 709 1625 Q
727 1537 755 1590 et
772 1527 916 1617 mutabile
938 1546 1055 1615 senqrer

136 1611 267 1672 femina!
311 1613 354 1672 sic
376 1612 452 1672 latus
471 1614 598 1674 noctise
620 1614 765 1673 inmiscuit
787 1608 977 1674 W‘
1100 1626 1158 1681 570

121 1694 253 1756 *hum
274 1713 342 1756 vero
365 1696 477 1757 Aeneas
494 1696 596 1757 subitis
619 1699 773 1757 exterritus
790 1696 902 1758 umbris

137 1780 258 1856 corripit
280 1798 296 1839 e
314 1796 417 1838 somno
441 1796 548 1857 corpus
569 1780 722 1858 sociosque
743 1781 857 1857 fatigat:

136 1863 325 1940 ‘praecipites
339 1861 467 1940 vigilate,
492 1863 560 1930 viri,
586 1871 614 1922 et
631 1863 771 1925 considite
791 1865 941 1932 transtris;

135 1944 236 2005 solvite
257 1943 320 2005 vela
344 1947 401 2006 citi.
447 1945 519 2007 deus
540 1946 658 2008 aethere
680 1949 785 2008 missus
803 1947 840 2008 ab
861 1948 917 2009 alto

135 2029 273 2089 festinare
294 2028 393 2105 lugam
413 2037 565 2110 tortosque
584 2031 714 2092 incidere
736 2031 812 2092 lunis
1098 2045 1154 2103 ors

136 2130 204 2171 ecce
225 2113 331 2172 iterum
355 2113 491 2175 stimulat.
536 2116 686 2192 sequimur
708 2124 752 2184 te,
776 2123 875 2177 sancte
896 2116 1034 2186 deorum,

135 2195 267 2274 quisquis
288 2214 333 2264 es,
357 2199 537 2275 imperioque
559 2199 664 2259 iterum
684 2217 821 2277 paremus
843 2207 968 2261 ovantes.

134 2277 212 2338 adsis
234 2297 251 2338 o
269 2278 458 2360 placidusque
479 2284 559 2342 iuves
582 2290 610 2342 ct
632 2283 727 2343 sidera
750 2282 829 2344 caelo

135 2362 236 2422 dextra
260 2363 362 2424 leras.'
405 2364 476 2425 dixit
496 2369 657 2445 vaginaque
679 2367 764 2444 eripit
784 2384 883 2428 ensem

134 2445 306 2507 fulmineum
325 2449 485 2527 strictoque
506 2451 573 2511 ferit
595 2449 754 2511 retinacula
777 2451 864 2512 ferro.
1099 2462 1158 2521 ssu

134 2529 210 2590 idem
232 2532 326 2591 omnis
343 2532 428 2592 simul
451 2533 540 2594 ardor
561 2533 664 2604 habet,
693 2536 867 2613 rapiuntque
888 2541 1051 2615 ruuntque:

134 2612 219 2674 litora
242 2615 416 2686 deseruere,
434 2615 504 2678 latet
524 2616 579 2679 sub
602 2617 743 2679 classibus
761 2636 887 2698 aequor,

134 2697 232 2758 adnixi
248 2706 386 2776 torquent
405 2717 524 2777 spumas
545 2708 573 2763 et
593 2702 709 2763 caerula
729 2709 857 2763 verrunt.

176 2779 288 2840 Etiam
311 2783 405 2859 prima
423 2801 498 2843 novo
519 2785 675 2861 spargebat
696 2784 805 2847 lumine
824 2792 918 2847 terras

133 2862 251 2923 Tithoni
272 2882 410 2926 croceum
428 2865 562 2945 linquens
573 2869 684 2929 Aurora
707 2868 811 2930 cubile.
1101 2860 1183 2943 ια’

133 2946 235 3022 regina
258 2965 273 3007 e
295 2947 421 3025 speculis
443 2957 475 3008 ut
493 2952 617 3028 primam
645 2951 794 3013 albescere
816 2952 911 3014 lucem

132 3027 202 3088 vidit
223 3037 251 3089 et
273 3031 402 3108 aequatis
423 3030 543 3093 classem
565 3035 727 3112 procedere
744 3035 814 3097 velis

132 3110 276 3191 litoraque
296 3122 325 3173 et
347 3132 453 3175 vacuos
474 3118 564 3177 sensit
586 3119 647 3179 sine
670 3120 781 3197 remige
803 3128 921 3199 portus,

132 3202 235 3273 terque
255 3203 416 3275 quaterque
438 3217 526 3262 manu
544 3208 646 3280 pectus
667 3221 806 3281 percussa
825 3205 967 3266 decorum

132 3277 321 3359 flaventisque
344 3280 469 3344 abscissa
493 3302 590 3345 comas
614 3295 683 3365 ‘pro
705 3288 847 3366 luppiter!
870 3288 922 3350 ibit
1103 3300 1162 3362 m

132 3361 195 3422 hic'
217 3364 256 3424 ait
277 3372 321 3425 ‘et
342 3369 449 3427 nostris
470 3366 603 3430 inluserit
623 3370 733 3432 advena
754 3373 871 3451 regnis’

133 3462 192 3505 non
213 3463 294 3507 arma
316 3450 470 3528 expedient
491 3459 610 3532 totaque
633 3474 667 3515 ex
690 3454 763 3516 urbe
784 3464 958 3536 sequentur,
