2400 3878
159 212 219 273 308
495 219 635 267 vnsornt
653 220 829 269 1111111111

160 379 264 455 exigua
282 377 417 454 ingentis,
438 377 546 435 misero
566 375 618 436 sed
632 374 728 436 debita
750 377 835 454 patri.

159 461 232 523 haut
253 478 357 538 segnes
379 459 427 520 alli
449 468 544 519 crates
566 468 594 518 et
615 458 702 520 molle
720 460 861 520 1111111111

160 545 291 607 arbuteis
309 551 411 604 1111111
432 543 519 621 virgis
542 554 569 603 et
591 543 696 602 vimine
719 560 831 621 querno

157 636 366 705 extructasque
387 636 468 686 toros
490 625 612 687 obtentu
631 627 742 686 frondis
763 625 940 687 inumbrant.

158 711 207 773 hic
227 713 362 772 iuvenem
384 711 491 789 agresti
514 709 667 770 sublimem
683 712 821 770 stramine
845 720 968 789 ponunt,

159 794 274 874 qualem
294 795 425 872 virgineo
448 794 613 855 demessum
634 793 739 872 pollice
758 794 861 854 liorem

157 896 211 940 seu
228 876 323 938 mollis
345 877 437 938 violae
454 895 506 938 seu
527 877 690 954 lauguentis
712 877 869 956 hyacinthi,

158 963 205 1023 cui
227 980 322 1040 neque
341 961 437 1039 fulgor
458 961 553 1021 adhuc
578 979 632 1021 nec
652 961 721 1021 dum
744 979 796 1021 sua
814 960 908 1020 iorma
929 961 1066 1024 recessit:

157 1063 218 1105 nou
238 1046 296 1104 iarn
314 1053 408 1104 mater
429 1044 479 1105 alit
499 1043 583 1105 tellus
605 1046 737 1123 viresqne
756 1044 908 1104 ministrat.

156 1138 218 1188 tum
242 1129 371 1206 geminas
393 1138 487 1190 vestes
509 1146 640 1209 auroque
661 1136 800 1207 ostroque
821 1128 941 1204 rigentis

157 1210 259 1273 extulit
280 1213 401 1282 Aeneas,
425 1229 497 1291 quas
517 1210 558 1271 illi
576 1211 650 1273 laeta
671 1211 805 1272 laborum

156 1297 220 1374 ipsa
240 1295 300 1356 suis
321 1295 468 1375 quondam
490 1295 625 1356 manibus
645 1296 763 1356 Sidonia
785 1294 857 1356 Dido

156 1380 267 1440 lecerat
289 1388 317 1440 et
339 1381 420 1441 tenui
440 1378 513 1440 telas
535 1381 712 1441 discreverat
734 1396 816 1440 auro.

156 1463 262 1526 harum
284 1482 373 1524 unam
394 1464 491 1526 iuveni
516 1481 686 1540 supremum
708 1470 836 1524 maestus
856 1460 999 1522 honorem

156 1547 250 1608 induit
272 1565 448 1628 arsurasque
469 1565 568 1608 comas
590 1547 714 1608 obnubit
735 1548 852 1616 amictu,

156 1631 305 1709 multaque
327 1644 480 1710 praeterea
503 1631 655 1692 Laurentis
677 1631 807 1709 praeuia
829 1645 945 1708 pugnae

155 1725 275 1792 aggerat
297 1725 325 1776 et
340 1715 429 1794 longo
450 1715 591 1793 praedam
611 1715 693 1776 iubet
713 1716 815 1777 ordine
837 1715 913 1775 duel.

155 1795 250 1876 [addit
273 1816 364 1876 equos
385 1810 414 1859 et
436 1797 502 1865 tela,
524 1798 630 1874 quibus
650 1797 822 1873 spoliaverat
844 1795 992 1942 hostenpqu

155 1881 286 1942 vinxerat
308 1890 335 1941 et
356 1890 424 1960 post
445 1889 528 1958 terga
549 1899 662 1948 manus,
684 1899 757 1958 quos
774 1883 903 1942 mitteret
922 1899 942 1942 u
993 1881 1035 1942 ris

154 1964 281 2031 inferias,
304 1982 390 2025 caeso
411 1981 568 2043 sparsurus
590 1965 731 2041 sanguine
752 1963 893 2035 flammas,

153 2047 329 2127 indutosque
346 2047 427 2108 iubet
449 2057 570 2108 truncos
592 2046 748 2108 hostilibus
768 2049 858 2108 armis

153 2132 232 2208 ipsos
252 2131 331 2192 11111
353 2132 443 2193 duces
462 2130 637 2210 inimicaque
659 2132 778 2192 nomina
797 2131 856 2209 ligi.

153 2214 269 2276 ducitur
289 2214 389 2276 infelix
408 2233 478 2276 1111
501 2216 652 2275 coniectus
669 2217 806 2276 Acoetes:

150 2308 270 2376 pectora
292 2317 371 2360 nunc
392 2299 514 2360 foedans
535 2301 650 2377 pugnis,
673 2317 752 2360 nunc
773 2297 921 2376 unguibus
943 2315 995 2358 ora

151 2384 290 2444 sternitur
310 2393 340 2445 et
359 2391 420 2444 toto
441 2383 589 2461 proiectus
611 2400 737 2462 corpore
757 2390 864 2445 terrae.
878 2429 885 2444 .
899 2427 929 2443 ..

151 2467 262 2527 ducunt
281 2476 310 2528 et
329 2466 436 2529 liutulo
459 2467 594 2546 perfusos
616 2468 757 2546 sanguine
780 2483 893 2529 currus.

150 2558 217 2628 post
237 2550 361 2613 bellator
383 2569 451 2614 ecus
470 2552 574 2632 positis
595 2553 758 2630 hrslgnibus
778 2550 892 2613 liethou

151 2635 173 2694 11
194 2634 350 2696 lacrimans
371 2637 519 2715 guttisque
540 2645 668 2701 umectat
688 2635 849 2713 grandibus
870 2650 931 2694 ora.
1124 2642 1163 2696 11

150 2718 263 2779 hastam
283 2718 331 2780 1111
352 2718 523 2799 galeamque
540 2720 647 2791 ierunt,
672 2739 741 2781 nam
760 2728 857 2781 cetera
878 2716 996 2778 ’11111111

151 2803 243 2861 111111
264 2802 362 2862 habet.
397 2812 457 2863 tum
477 2813 587 2865 maesta
608 2803 734 2880 phalanx
754 2803 919 2881 Teucrique
940 2807 1081 2863 secuntur

148 2882 354 2963 Tyrrhenique
376 2903 477 2944 omnes
499 2894 528 2944 et
550 2888 641 2945 versis
658 2886 786 2946 arcades
804 2888 903 2947 armis.

149 2976 303 3044 postquam
326 2968 419 3026 1111111
442 2966 529 3044 longe
551 2969 689 3029 comitum
714 2978 916 3047 praecesserat
937 2967 1021 3038 ordo,

149 3048 279 3109 substitit
301 3050 414 3110 Aeneas
436 3049 602 3128 gemituque
623 3051 696 3111 haec
718 3051 827 3111 addidit
844 3050 917 3113 alto:
1124 3059 1163 3113 eti

148 3140 220 3194 ‘nos
238 3131 308 3194 abas
329 3131 399 3193 hinc
420 3133 456 3194 ad
477 3131 611 3194 lacrimas
633 3134 735 3195 eadem
756 3134 876 3196 horrida
897 3134 967 3197 belli

149 3217 207 3278 iata
230 3225 346 3279 vocant:
368 3216 446 3278 salve
469 3225 620 3278 aeternum
643 3217 722 3287 mibi,
745 3220 871 3280 1111111111
892 3218 980 3290 Palla,

147 3308 359 3380 aeternumque
381 3300 463 3363 vale!
494 3318 549 3362 nec
569 3300 655 3380 plura
676 3303 779 3362 ellatus
797 3303 835 3363 ad
853 3302 927 3364 altos

147 3384 284 3446 tendebat
309 3403 410 3446 muros
428 3403 621 3464 gressumque
642 3388 673 3444 in
696 3395 790 3445 castra
812 3386 934 3448 ierebat

189 3468 309 3548 lamque
331 3478 464 3530 oratores
487 3469 608 3529 aderant
630 3489 665 3530 11
687 3468 761 3529 mbo
779 3470 889 3541 Latina,
1107 3478 1162 3535 too
