2454 3936
160 172 224 236 238
488 201 636 255 vnnaun
652 206 779 262 annnrs
792 206 840 260 vu

165 376 194 428 et
214 367 349 427 iuvenem
370 366 513 427 monstris
531 364 626 443 pavidi
648 363 778 425 effudere
799 366 929 426 marinis.

163 449 241 510 lilius
263 448 392 510 ardentis
414 449 485 518 haut
507 450 596 509 setius
614 466 744 526 aequore
764 449 859 527 campi

164 531 319 594 exercebat
340 549 431 610 equos
452 550 600 610 curruque
622 532 651 591 in
672 531 749 592 bella
769 532 883 593 ruebat.

205 616 271 694 lpse
290 618 367 678 inter
386 617 497 693 primos
517 616 677 695 praestanti
698 633 824 695 ccrpcre
844 616 961 677 Turnus

164 703 287 761 vertitur
309 717 390 760 arma
411 707 514 760 tenens
536 706 565 760 et
582 706 643 760 tote
665 701 772 760 vertice
792 718 882 779 supra
904 708 955 761 est.

164 785 211 844 cui
232 783 337 862 triplici
359 785 462 844 crinita
485 784 553 844 iuba
575 783 658 861 galea
679 783 736 844 alta
759 783 942 846 Chimaeram

163 868 295 937 sustinet,
313 868 457 928 Aetnaeos
481 867 628 929 elllantem
649 866 782 929 lancibus
800 869 891 944 ignis:

162 959 221 1011 tam
239 951 333 1029 magis
353 949 403 1011 illa
424 950 554 1014 fremens
577 960 605 1013 et
622 951 753 1012 tristibus
776 952 866 1013 effera
886 951 1020 1027 flammis,

163 1052 250 1112 quam
272 1036 365 1113 magis
387 1035 478 1097 effuso
501 1036 679 1097 crudescunt
700 1037 842 1114 sanguine
864 1053 989 1115 pugnae.

162 1125 191 1178 at
211 1117 305 1178 levem
328 1118 453 1195 clipeum
471 1118 592 1180 sublatis
613 1118 752 1180 cornibus
769 1120 800 1194 lc

162 1220 234 1262 auro
256 1201 423 1280 insignibat,
441 1203 501 1263 iam
521 1203 608 1264 saetis
629 1202 731 1274 obsita,
753 1204 812 1264 lam
834 1203 888 1264 bos

162 1284 376 1363 (argumentum
400 1287 522 1365 iugens),
545 1293 573 1349 et
595 1296 693 1348 custos
714 1288 833 1366 virginis
852 1288 947 1365 argus

164 1369 332 1447 caelataque
355 1388 471 1432 amnem
489 1371 615 1432 lundens
636 1378 719 1450 pater
741 1370 867 1432 inachus
884 1388 968 1430 urna.

161 1453 325 1531 insequitur
347 1453 464 1515 nimbus
485 1455 616 1534 peditum
639 1454 819 1534 clipeataque
841 1455 910 1515 totis

162 1537 278 1612 agmina
300 1537 461 1600 densentur
481 1541 599 1617 campis,
622 1538 787 1618 Argivaque
807 1537 902 1617 pubes

161 1619 374 1699 Auruncaeque
395 1640 508 1692 manus,
531 1621 629 1685 Rutuli
651 1629 822 1702 veteresque
845 1621 942 1682 Slcani

163 1712 192 1763 et
214 1705 361 1765 Sacranae
380 1708 458 1767 acies
480 1714 509 1767 et
527 1707 597 1785 picti
618 1713 700 1768 scuta
723 1705 836 1775 Labici;

162 1788 211 1864 qui
233 1786 332 1856 saltus,
355 1788 502 1858 Tiberine,
528 1796 592 1850 tuos
614 1807 790 1868 sacrumque
811 1788 926 1849 Numici

161 1868 228 1931 litus
252 1880 336 1930 arant
357 1870 537 1951 Rutulosque
560 1881 697 1933 exercent
718 1890 836 1933 vomere
857 1869 947 1932 colles

163 1952 374 2031 Circaeumque
395 1956 504 2031 iugum,
524 1956 588 2034 quis
610 1955 740 2035 luppiter
760 1955 897 2015 Anxurus
919 1957 994 2017 arvis

160 2036 307 2115 praesidet
325 2045 354 2097 et
371 2036 455 2098 viridi
478 2038 608 2115 gaudens
629 2040 754 2100 Feronia
774 2038 860 2107 luc0;

161 2138 217 2197 qua
238 2119 360 2181 Saturae
380 2121 455 2182 iacet
476 2129 539 2182 atra
559 2122 643 2200 palus
665 2122 837 2202 gelidusque
857 2141 912 2202 per
934 2123 1007 2184 imas

161 2204 274 2281 quaerit
292 2203 348 2264 iter
368 2203 449 2265 vallis
469 2212 556 2283 atque
578 2206 607 2265 in
631 2224 714 2267 mare
733 2206 869 2268 conditur
889 2206 986 2268 Ufens.

202 2287 262 2348 llos
283 2304 372 2368 super
395 2288 510 2349 advenit
532 2288 635 2350 Volsca
657 2289 694 2351 de
713 2296 800 2368 gente
818 2288 937 2352 Camilla

161 2387 267 2448 agmen
289 2389 379 2449 agens
398 2373 529 2450 equitum
552 2381 580 2434 et
598 2372 730 2435 llorentls
751 2393 820 2436 aere
839 2381 979 2450 ceteras,

161 2453 304 2525 nellatrix,
327 2474 386 2516 uon
405 2454 453 2517 illa
474 2457 539 2529 celo
556 2455 712 2531 calathisve
733 2458 880 2521 Minervae
1122 2468 1178 2522 805

161 2539 302 2601 femineas
322 2540 441 2602 adsueta
460 2558 573 2611 manus,
596 2540 647 2603 sed
660 2541 772 2622 proelia
794 2544 874 2622 virgo

161 2624 235 2685 dura
256 2625 318 2701 pati
340 2643 488 2704 cursuque
508 2625 617 2706 pedum
638 2636 826 2705 praevertere
841 2634 953 2688 ventos.

160 2706 208 2769 illa
228 2706 273 2768 vel
295 2710 419 2770 intactae
440 2711 546 2786 segetis
569 2727 624 2788 per
645 2729 761 2772 summa
781 2709 890 2770 volaret

160 2791 292 2869 gramina
315 2809 370 2852 nec
392 2802 509 2853 teneras
526 2810 616 2854 cursu
633 2790 764 2856 laesisset
783 2795 896 2863 aristas,

160 2872 206 2933 vel
228 2891 308 2933 mare
332 2891 384 2950 per
406 2875 535 2935 medium
557 2873 648 2935 ssuctu
667 2893 809 2954 suspensa
829 2877 953 2935 tumenti
1121 2887 1178 2944 810

160 2955 251 3016 terret
271 2957 326 3017 iter
348 2955 452 3016 celeris
472 2973 529 3016 nec
550 2957 696 3034 tingueret
717 2975 845 3038 aequore
865 2956 989 3036 plantas.

160 3038 239 3099 illam
261 3040 357 3099 omnis
380 3039 463 3099 tectis
481 3040 617 3117 agrisque
639 3040 730 3102 effusa
750 3043 883 3102 iuventus

159 3122 305 3199 turbaque
322 3123 445 3184 miratur
465 3130 591 3184 matrum
614 3132 642 3185 et
665 3133 832 3205 prospectat
851 3133 977 3196 euntem,

161 3207 289 3269 attonitis
309 3207 425 3268 inhians
448 3208 560 3279 animis,
584 3216 615 3270 ut
635 3210 735 3286 regius
757 3220 836 3271 ostro

161 3289 237 3353 velet
256 3292 351 3352 honos
370 3290 441 3353 levis
460 3310 589 3364 umeros,
611 3301 643 3355 ut
664 3292 752 3355 libula
775 3295 888 3354 crinem
1122 3303 1176 3359 81⁶

161 3393 234 3438 auro
256 3378 437 3446 internectat,
461 3376 578 3458 Lyciam
598 3386 630 3440 ut
651 3386 734 3455 gerat
753 3378 816 3457 ipsa
837 3376 1006 3457 pharetram

162 3469 192 3522 et
211 3459 386 3541 pastoralem
409 3462 538 3540 praelixa
561 3463 681 3542 cuspide
700 3470 836 3543 myrtum.

574 3573 768 3584 ”““”
965 3580 1015 3709 ‚t

1222 3544 1225 3555 r

1207 3650 1225 3683 'i

1185 3704 1199 3715 ιι
1210 3692 1223 3719 ‚¹
