2400 3878
407 206 550 254 vunorcr
572 206 711 255 reuoca
735 209 800 255 vnr
1070 202 1110 262 17

226 379 342 439 semper
371 367 399 421 et
421 361 539 424 adsidua
562 367 660 438 postes
681 362 800 438 fuligine
821 365 911 442 ulgri3
1074 380 1110 429 sn

227 446 274 504 hio
296 451 406 505 tantum
429 446 541 505 Boreae
564 463 700 505 curamus
721 447 846 522 frigora,
870 456 1008 526 quantum

227 535 275 588 ant
296 546 451 589 numerum
472 528 559 607 lupus
581 536 630 588 aut
650 532 791 589 torrentia
814 529 932 591 ssumina
954 536 1042 609 ripas.

271 613 301 672 0.
326 612 408 671 Stant
430 618 458 671 et
479 614 604 689 iuniperi
626 619 654 672 et
676 621 830 673 castaneae
852 615 995 684 hirsutae;

225 702 313 755 strata
336 697 430 756 iacent
452 699 559 773 passim
581 714 633 755 sua
656 714 789 774 quaeque
812 698 865 757 sub
881 699 989 758 arbore
1004 717 1105 776 poma:

225 781 321 839 omnia
343 780 553 839 nuncrident:
576 781 649 839 atsi
673 781 840 841 formonsus
861 780 958 842 Alexis
1073 796 1107 846 55

225 863 373 923 montibus
395 864 440 922 his
462 862 560 932 abeat,
583 863 681 923 videas
703 871 731 924 et
752 864 870 924 flumina
893 867 979 925 sicca.

230 947 261 1005 Τ.
285 947 355 1014 Aret
376 965 459 1024 ager;
482 948 549 1006 vitio
571 948 699 1006 morlens
722 948 779 1007 sitit
801 950 877 1007 aeris
899 949 1008 1017 herba:

224 1029 311 1090 Liber
334 1032 503 1107 pampineas
524 1029 624 1090 invidit
646 1030 768 1091 coIIIbus
790 1031 924 1091 umbras:

224 1113 360 1190 Phyllidis
382 1115 506 1174 adventu
529 1121 645 1173 nostrae
667 1131 771 1173 nemus
793 1132 879 1175 omne
899 1116 1012 1185 virebit,

224 1195 352 1273 luppiter
375 1205 403 1256 et
424 1197 499 1258 laeto
522 1198 678 1257 descendet
699 1198 842 1274 plurimus
864 1198 959 1258 imbri.
1073 1210 1109 1262 60

268 1281 298 1339 0.
321 1281 450 1358 Populus
471 1280 587 1341 Alcidae
611 1282 789 1357 gratissima,
812 1283 876 1341 vitis
897 1283 1011 1351 laccho,

225 1362 392 1423 formonsae
414 1371 526 1442 myrtus
548 1365 668 1433 Veneri,
692 1383 743 1424 sua
765 1365 864 1425 laurea
887 1365 1022 1432 Phoebo,

223 1445 331 1523 Phyllis
353 1455 430 1506 amat
452 1446 580 1524 corylos;
603 1447 666 1506 illas
689 1447 757 1507 dnm
780 1447 888 1524 Phyllis
911 1448 1027 1515 amabit,

224 1545 279 1588 nec
300 1537 412 1605 myrtus
433 1531 529 1588 vincet
551 1529 665 1606 corylos
686 1546 742 1588 nec
763 1529 863 1589 laurea
885 1529 1007 1589 Phoebi.

113 1597 122 1624 ‘
224 1613 256 1670 Τ.
279 1611 423 1672 Fraxinus
437 1613 466 1671 in
483 1611 560 1670 sllvis
574 1612 786 1688 pulcherrima,
803 1613 888 1689 pinus
903 1615 932 1672 in
949 1613 1049 1682 hortis,
1073 1624 1106 1677 65

224 1695 350 1772 populus
372 1698 401 1755 in
424 1695 526 1764 fluviis,
549 1694 630 1755 abies
651 1697 680 1754 in
703 1695 852 1755 montibus
874 1694 954 1755 altis:

224 1781 339 1855 saepius
361 1781 434 1838 atsi
457 1797 517 1846 me,
541 1779 647 1855 Lycida
670 1778 836 1849 formonse,
859 1782 979 1848 revisas,

223 1863 353 1922 fraxinus
374 1865 403 1921 in
426 1861 504 1922 silvis
527 1863 610 1921 cedat
631 1861 697 1930 tibi,
720 1863 807 1939 pinus
829 1864 859 1921 in
872 1864 983 1922 hortis.

219 1947 262 2005 M.
307 1946 385 2006 Paeo
416 1947 547 2014 memini,
584 1953 613 2005 et
646 1947 753 2005 victum
785 1946 893 2006 frustra
929 1946 1107 2006 contendere

874 2030 1019 2107 Thyrsim.

221 2131 256 2171 ex
278 2112 326 2172 illo
349 2112 483 2191 Corydon
506 2113 640 2192 Corydon
664 2118 707 2173 est
728 2118 862 2189 tempore
884 2113 978 2172 nobis.
1071 2121 1106 2174 71

506 2293 702 2304 *—

546 2449 646 2534 VIII

221 2606 372 2667 Pastorum
396 2625 509 2667 musam
530 2608 668 2667 Damonis
692 2618 721 2669 et
743 2608 938 2685 Alphesiboei,

220 2692 373 2750 immemor
396 2690 555 2749 herbarum
579 2710 652 2770 quos
675 2700 718 2751 est
741 2695 844 2751 mirata
866 2695 984 2752 Iuvenca

220 2776 374 2843 certantis,
398 2792 522 2852 qvvorum
547 2775 725 2851 stupefactae
749 2778 877 2836 carmine
899 2776 1006 2854 lynces,

221 2866 249 2917 et
271 2865 379 2917 mutata
403 2876 472 2917 suos
494 2861 665 2936 requierunt
687 2860 805 2920 flumina
829 2878 941 2928 cursus,

222 2942 359 3002 llamonis
380 2959 494 3002 musam
517 2942 647 3002 dicemus
669 2951 697 3003 et
719 2943 913 3020 Alphesiboei.
1089 2955 1107 3006 5

222 3025 266 3084 'fu
288 3025 373 3094 mihi,
397 3043 449 3085 seu
471 3027 567 3102 magni
590 3044 712 3103 superas
736 3029 792 3086 iam
815 3045 883 3086 saxa
905 3027 1026 3096 'Ilmavi

220 3110 279 3167 sive
302 3126 383 3167 oram
408 3108 513 3185 lllyrici
536 3109 607 3185 legis
628 3113 764 3188 aequoris
786 3112 836 3185 (en
860 3113 914 3170 erit
935 3126 1076 3184 umquam

220 3190 267 3250 ille
290 3192 365 3262 dies,
388 3192 458 3250 mihi
482 3209 548 3252 cum
570 3191 654 3252 liceat
675 3201 724 3254 tua
747 3193 845 3253 dicere
866 3194 959 3252 saota⁹

218 3293 254 3333 en
277 3276 332 3334 erit
352 3281 385 3335 ut
406 3275 491 3335 liceat
510 3281 603 3335 totum
626 3276 696 3334 mihi
720 3274 799 3335 serre
820 3294 873 3351 per
897 3276 999 3335 orbern

222 3356 282 3417 sola
306 3358 469 3434 Sophocleo
491 3364 539 3418 tua
564 3361 692 3417 carmina
716 3360 801 3435 digna
825 3359 986 3418 cothurno?
1073 3371 1108 3420 10

222 3457 238 3496 1
258 3448 288 3499 te
309 3442 501 3519 principium,
522 3440 575 3499 tibi
597 3440 754 3525 desinam.)
781 3444 880 3519 accipe
902 3445 988 3502 iussis

166 3549 299 3595 1111111111,
319 3551 431 3587 vanem.
933 3540 952 3596 2
