2400 3878
411 225 553 273 veneror
576 226 701 274 annam
724 227 746 272 x
1021 212 1082 276 283

73 395 136 445 acta
158 384 260 441 lurore
282 383 361 457 gravi
384 381 469 459 ‘quid
492 400 539 442 me
560 380 616 441 alta
637 379 751 441 silentia
773 385 854 457 cogis

73 485 213 544 rumpere
235 475 263 524 et
284 465 443 524 obductum
465 465 561 525 verbis
582 464 700 541 volgare
722 464 872 525 dolorem?

1114 401 1152 454 ,4ss

1098 450 1128 489 Ag
1137 467 1148 490 ᾗ.
1171 466 1174 482 ,

1137 452 1189 546 tq

72 554 190 616 Aenean
214 548 365 608 hominum
388 551 542 628 quisquam
564 550 719 628 divomque
742 549 858 625 subegit
1049 555 1083 607 ub

73 634 148 695 bella
171 636 254 711 sequi
276 644 325 691 aut
346 632 460 692 hostem
481 635 544 709 regi
564 651 596 693 se
617 633 728 694 inlerre
748 632 867 693 Latino?

73 719 183 780 ltaliam
206 719 290 795 petiit
311 717 376 776 latis
399 715 568 776 auctoribus
590 718 671 796 (esto)

73 802 253 862 Cassandrae
275 801 408 878 inpulsus
433 801 531 860 furiis:
554 818 626 861 num
647 800 779 879 linquere
800 808 895 860 castra

72 886 180 947 hortati
203 903 305 944 sumus
326 894 376 944 aut
397 885 484 943 vitam
506 887 688 945 committere
707 885 808 956 ventis,

72 988 143 1030 uum
164 988 256 1046 puero
281 986 425 1028 summam
448 966 526 1036 belli,
548 986 619 1028 num
639 969 761 1029 credere
784 987 885 1029 muros

72 1054 314 1132 Tyrrhenamque
337 1052 434 1123 tidem,
447 1058 496 1111 aut
518 1054 612 1130 gentis
633 1052 743 1128 agitare
764 1053 893 1130 quietas?

73 1140 138 1217 quis
160 1137 237 1195 deus
254 1140 283 1196 in
307 1136 449 1202 fraudem,
470 1154 545 1214 quae
568 1136 641 1197 dura
659 1137 788 1213 potentia
810 1144 909 1196 nostra

73 1222 149 1297 egit?
168 1217 222 1281 ubi
243 1221 290 1280 hic
312 1219 382 1278 luno
405 1220 566 1280 demissave
586 1219 714 1281 nubibus
736 1221 808 1282 lrisl

72 1305 224 1380 indignum
247 1314 291 1364 est
311 1303 397 1362 italos
419 1303 536 1363 Troiam
560 1305 743 1365 circumdare
764 1304 889 1364 ssammis

71 1399 240 1450 nascentem
262 1396 290 1448 et
311 1388 403 1464 patria
425 1386 558 1446 Turnum
582 1390 741 1447 consistere
762 1395 851 1456 terra,

72 1475 121 1534 cui
140 1473 290 1532 Pilumnus
310 1488 388 1539 avos,
410 1472 458 1529 cui
479 1470 544 1528 diua
566 1469 675 1529 Venilia
697 1479 805 1529 mater:

72 1556 143 1637 quid
165 1558 227 1616 lace
249 1556 391 1615 Troianos
413 1561 475 1613 atra
497 1553 555 1611 vim
576 1554 654 1613 serre
677 1553 795 1622 Latinis,

71 1658 140 1701 arva
162 1639 254 1700 aliena
275 1641 344 1714 iugo
367 1655 501 1715 premere
523 1646 610 1714 atque
629 1645 761 1696 avertere
782 1636 929 1715 praedas?

72 1724 142 1803 quid
165 1742 285 1784 soceros
306 1722 404 1799 legere
427 1730 455 1781 et
476 1721 594 1798 gremiis
615 1719 762 1780 abducere
784 1730 891 1798 pactas,

72 1826 175 1888 pacem
197 1825 282 1867 orare
301 1823 398 1874 mann,
423 1806 586 1883 praefigere
608 1803 755 1883 puppibus
777 1805 876 1864 armai

72 1899 104 1952 tu
125 1900 208 1968 potes
229 1894 353 1951 Aenean·
368 1890 503 1950 manibus
524 1888 690 1949 subducere
711 1889 832 1949 Graium

71 1992 185 2053 proque
207 1976 267 2035 viro
285 1974 424 2035 nebulam
447 1982 476 2034 et
497 1982 598 2033 ventos
618 1973 777 2033 obtendere
794 1974 898 2042 inanis',

71 2065 104 2119 tu
124 2069 208 2138 potes
233 2059 263 2118 in
285 2059 408 2119 totidem
431 2057 553 2118 classem
576 2066 747 2118 convertere
769 2056 927 2136 nymphas:

71 2160 126 2202 nos
150 2141 258 2222 aliquid
281 2141 403 2203 Rutulos
424 2152 526 2202 contra
548 2143 654 2202 iuvisse
675 2140 834 2201 nefandum
857 2142 916 2201 est?

73 2229 210 2287 “Aeneas
232 2228 353 2304 ignarus
371 2224 491 2286 abest'':
514 2227 632 2303 ignarus
652 2233 680 2285 et
702 2224 784 2285 absit.

72 2318 115 2371 est
136 2309 254 2388 Paphus
275 2309 455 2388 Idaliumque
477 2309 538 2378 tibi,
560 2318 629 2369 sunt
648 2306 705 2368 alta
727 2308 866 2388 Cythera:

71 2393 141 2472 quid
164 2394 312 2469 gravidam
332 2391 415 2452 bellis
438 2391 543 2451 urbem
565 2400 593 2451 et
614 2391 704 2451 corda
727 2410 830 2470 aspera
851 2391 992 2468 temptas?

71 2495 164 2537 nosne
181 2475 235 2535 tibi
256 2475 349 2534 ssuxas
369 2473 513 2550 Phrygiae
534 2491 583 2533 res
603 2481 717 2533 vertere
740 2474 831 2535 fundo

71 2558 232 2620 conamur?
257 2574 321 2624 nos,
345 2573 382 2615 an
404 2557 527 2615 miseros
549 2557 599 2635 qui
619 2555 712 2615 Troas
730 2558 845 2617 Achivis

71 2641 197 2700 obiecit?
222 2657 298 2717 quae
320 2656 406 2700 causa
427 2639 491 2709 luit,
513 2640 743 2715 consurgerem
765 2658 847 2699 arma

71 2725 278 2802 Europamque
299 2724 455 2800 Asiamque
477 2729 506 2782 et
527 2722 645 2781 loedera
669 2719 782 2782 solvere
804 2722 900 2783 lurtoi

71 2825 119 2865 me
141 2806 215 2868 duce
238 2806 401 2869 Dardanius
423 2806 557 2884 Spartam
578 2807 753 2884 expugnavit
773 2806 894 2877 adulter,

71 2900 121 2950 aut
143 2910 197 2969 ego
218 2891 276 2952 tela
295 2892 362 2953 dedi
381 2891 473 2951 fovive
493 2891 634 2969 Cupidine
655 2889 750 2950 bellat

70 2981 132 3035 tum
153 2976 251 3037 decuit
273 2978 412 3038 metuisse
433 2976 506 3036 tuis:
529 2993 608 3036 nunc
630 2992 695 3036 sera
717 2974 854 3055 querellis

70 3058 142 3120 haut
162 3062 245 3121 iustis
266 3063 400 3138 adsurgis
419 3069 448 3122 et
467 3060 554 3120 inrita
576 3060 667 3138 iurgia
687 3061 796 3120 iactas'

112 3144 231 3206 Talibus
253 3145 354 3206 orabat
372 3146 453 3215 luno,
477 3145 633 3223 cunctique
653 3143 817 3203 fremebant

71 3227 225 3290 caelicolae
243 3229 368 3289 adsensu
390 3229 480 3296 vario,
501 3246 555 3287 ceu
577 3228 693 3286 llamina
715 3228 808 3301 prima

71 3328 138 3369 eum
160 3311 305 3387 deprensa
325 3313 456 3371 hemunt
474 3309 553 3369 silvis
576 3319 603 3369 et
626 3324 713 3368 caeca
736 3306 865 3366 volutant

70 3410 231 3460 murmura,
255 3403 393 3454 venturos
415 3395 510 3453 nautis
532 3391 684 3469 prodentia
706 3397 816 3470 uentos.

70 3483 131 3537 tum
153 3488 236 3554 pater
259 3479 452 3554 omnipotens,
475 3492 574 3534 rerum
599 3476 646 3534 cui
668 3473 765 3554 prima
787 3479 925 3550 potestas,
1030 3478 1080 3530 tou
