2400 3878
141 191 202 254 262
477 201 760 252 vnnornrsnnms
776 203 813 252 rx

140 363 229 422 immo
247 356 298 420 ubi
320 357 474 419 defunctae
495 357 583 418 finem
604 366 764 436 portusque
782 357 922 420 tenebunt

140 443 283 504 Ausonios
306 440 384 511 ollm,
406 459 606 520 quaecumque
628 443 750 502 evaserit
770 441 856 502 undis

140 524 377 604 Dardaniumque
396 524 499 585 ducem
521 524 676 584 Laurentia
698 527 808 586 rexerit
829 543 906 595 arva,

140 608 293 670 mortalem
315 610 436 686 eripiam
459 607 582 668 sormam
604 608 760 686 magnique
779 607 887 670 lubebo

140 694 277 772 aequoris
299 709 362 753 esse
381 690 459 760 deas,
483 690 575 768 qualis
597 690 701 751 Nereia
720 691 793 752 lloto

140 785 168 836 et
191 775 309 839 Galatea
330 783 429 836 secant
450 781 636 852 spumantem
657 782 778 853 pectore
799 784 929 852 pontum.

140 860 253 920 dixerat
274 858 361 937 idque
382 867 479 918 ratum
501 857 593 937 Stygii
613 875 668 936 per
689 857 809 920 {lumina
830 860 938 930 iratrls,

139 960 193 1020 per
212 943 277 1021 pice
298 942 437 1002 torrentis
455 949 576 1018 atraque
597 942 735 1020 voragine
755 943 835 1020 ripas

140 1026 240 1085 adnuit
260 1032 288 1085 et
309 1032 402 1086 totum
421 1031 494 1085 nutu
516 1024 684 1085 tremefecit
706 1022 875 1104 Olympum.

182 1109 260 1186 Ergo
281 1109 382 1169 aderat
404 1109 546 1186 promissa
569 1107 630 1168 dies
654 1116 682 1169 et
705 1118 838 1186 tempora
857 1128 963 1189 parcae

140 1191 238 1253 dehita
259 1190 449 1270 complerant,
473 1209 539 1251 cum
559 1190 653 1251 Turni
674 1193 776 1252 iniuria
797 1192 919 1254 Matrem

140 1277 289 1337 admonuit
310 1274 421 1336 ratibus
440 1274 530 1334 sacris
553 1274 700 1352 depellere
718 1275 827 1336 uodo.

139 1360 187 1420 hic
206 1360 334 1437 primunr
355 1375 430 1418 nora
450 1356 500 1418 lux
522 1356 612 1418 oculis
634 1357 742 1420 ollulsit
764 1366 792 1420 ct
813 1361 916 1437 ingens

139 1445 216 1504 visus
238 1441 274 1503 ab
296 1444 411 1503 Aurora
433 1439 545 1502 caelum
567 1450 773 1504 transcurrere
793 1441 910 1505 nimbus

139 1527 276 1604 Idaeique
297 1526 396 1594 chori:
419 1533 481 1586 turn
503 1543 559 1585 ron
582 1525 730 1587 horrenda
752 1542 806 1604 per
827 1544 914 1587 auras

140 1610 245 1671 excidit
266 1618 295 1670 et
318 1608 430 1670 Troum
452 1606 686 1688 Rutulorumque
705 1610 818 1686 agmina
841 1609 982 1690 complet:

140 1705 192 1754 ‘ne
213 1693 356 1772 trepidate
378 1710 467 1767 meas,
489 1691 605 1764 Teucrl,
628 1692 786 1754 defendere
807 1695 888 1754 navis

139 1795 211 1837 neve
228 1786 339 1836 armate
361 1793 482 1837 manus:
502 1777 593 1836 maria
615 1784 682 1837 ante
704 1794 827 1837 exurere
848 1776 949 1838 Turno
1097 1787 1148 1840 lle

140 1876 227 1937 quam
249 1877 346 1919 sacras
367 1858 482 1920 dabitur
504 1860 598 1936 pinus.
634 1877 686 1920 ros
707 1861 746 1921 ite
767 1859 888 1929 solutae,

139 1944 177 2003 ite
197 1941 269 2003 deae
291 1941 401 2021 pelagi:
424 1943 555 2019 genetrix
576 1940 676 2004 iubet!
709 1951 737 2003 et
755 1961 808 2004 sua
830 1962 963 2024 quaeque

140 2027 277 2087 continuo
299 2044 413 2105 puppes
435 2025 615 2104 abrumpunt
635 2025 749 2088 vincula
769 2028 840 2105 ripis

140 2108 367 2188 delphinumque
387 2110 475 2170 modo
496 2109 637 2170 demersis
655 2127 784 2189 aequora
803 2112 907 2172 rostris

138 2194 195 2253 ima
217 2199 327 2270 petunt.
361 2193 429 2254 hinc
446 2194 594 2270 virgineae
616 2191 759 2272 (mirabile
780 2204 952 2273 monstrum)

138 2276 264 2336 reddunt
283 2294 315 2337 se
337 2276 456 2338 totidem
478 2277 566 2337 iacies
588 2284 736 2356 pontoque
755 2276 899 2339 feruntur.

180 2357 356 2437 Obstipuere
378 2361 481 2421 animis
502 2358 609 2431 Rutuli,
631 2360 807 2421 conterritus
828 2362 891 2441 ipse

136 2440 260 2503 turbatis
277 2443 425 2520 Messapus
446 2444 537 2523 cquis,
560 2451 713 2505 cunctatur
736 2451 766 2505 et
787 2446 879 2506 amnis

137 2544 227 2587 rauca
249 2543 356 2586 sonans
378 2536 554 2606 revocatque
574 2527 680 2606 pedem
703 2528 860 2603 Tiberinus
883 2527 918 2590 alr
941 2528 1008 2592 alto.

138 2619 167 2670 at
189 2626 247 2669 non
269 2610 371 2670 audaci
390 2610 490 2671 Turno
509 2611 614 2673 fiducia
638 2612 739 2682 cessit:

136 2692 213 2754 ultro
233 2693 345 2754 animos
366 2692 441 2754 tollit
463 2695 545 2756 dictis
568 2702 655 2773 atque
675 2697 808 2776 increpat
827 2695 904 2758 ultro
951 2698 955 2707 '

138 2775 297 2836 ‘Troianos
318 2776 391 2838 haec
413 2786 544 2838 monstra
565 2786 677 2857 petunt,
699 2779 746 2840 his
770 2779 900 2859 luppiter
921 2780 984 2856 ipse

137 2859 276 2920 auxillum
298 2860 415 2921 solitum
440 2863 555 2941 eripuit,
577 2879 636 2922 non
654 2861 712 2923 tela
733 2879 829 2940 neque
850 2862 932 2938 ignes

137 2942 447 3021 expectansliutulos.
481 2960 551 3020 ergo
574 2946 666 3005 marla
684 2945 759 3005 invia
780 2944 901 3005 Teucris

136 3043 191 3087 nec
210 3043 276 3103 spes
298 3026 355 3087 ulla
375 3027 477 3105 iugae:
498 3044 599 3087 rerum
620 3044 689 3104 pars
707 3025 797 3088 altera
820 3027 955 3106 adempta
976 3037 1028 3087 est.

137 3119 215 3169 terra
237 3117 334 3170 autem
355 3109 384 3169 in
406 3109 513 3170 nostris
531 3109 675 3180 manibus,
695 3116 737 3171 tot
758 3109 836 3171 milia
855 3120 957 3188 gentes

137 3209 217 3252 arma
237 3194 336 3252 ierunt
358 3192 454 3254 Italae.
491 3191 531 3254 nil
553 3209 601 3253 me
622 3193 719 3254 iatalia
740 3200 861 3265 terrent,

136 3275 219 3352 siqua
237 3275 368 3354 Phryges
384 3294 457 3355 prae
475 3294 506 3336 se
526 3276 642 3347 iactant,
663 3294 803 3357 responsa
828 3278 967 3340 deorum:

138 3453 204 3520 quot
221 3445 297 3520 prins
315 3455 419 3504 aeratae
437 3455 570 3506 steterant
591 3447 624 3506 ad
645 3447 727 3507 litora
748 3465 845 3527 prorae
