2400 3878
147 173 209 236 260
487 181 628 230 rnatum
644 181 768 231 ennius
784 183 822 228 rx

192 341 311 419 lamque
330 341 425 400 omnis
449 340 558 416 campis
583 339 727 400 exercitus
747 335 808 398 ibat
829 338 945 416 apertis,

148 424 228 485 dives
247 442 341 493 ecum,
362 424 442 485 dives
463 423 551 500 pictai
572 422 658 482 vestis
681 430 710 482 et
728 423 793 482 auri

150 509 309 588 (Messapus
328 508 437 584 primas
457 507 544 576 acies,
566 512 714 583 postrema
736 512 874 566 coercent

149 590 309 671 Tyrrhidae
329 592 456 659 iuvenes,
479 589 576 650 medio
599 589 658 649 dux
680 590 795 667 agmine
816 587 953 665 Turnus),

150 693 204 736 ceu
227 681 338 752 septem
360 691 483 751 surgens
505 673 612 734 sedatis
634 671 767 733 amnibus
790 671 863 733 altus

148 776 203 838 per
222 759 341 819 tacitum
362 760 476 834 Ganges
498 763 548 818 aut
565 757 666 835 pingui
688 756 806 817 flumine
827 755 908 818 Nilus

150 860 217 904 cum
240 841 337 903 refluit
358 842 467 919 campis
486 850 515 902 et
533 841 590 901 iam
609 857 641 899 se
664 838 793 900 condidit
813 837 904 900 alveo.

149 926 198 986 hic
219 926 345 986 subitam
366 925 450 1002 nigro
470 923 627 1002 glomerari
649 921 768 1001 pulvere
787 923 895 984 nubem

149 1009 333 1087 prospiciunt
354 1008 462 1069 Teucri
480 1026 515 1068 ac
536 1006 673 1068 tenebras
694 1008 848 1085 insurgere
871 1010 990 1086 campis.

150 1093 264 1171 primus
286 1092 322 1152 ah
345 1091 465 1152 adversa
486 1090 648 1153 conclamat
669 1090 746 1151 mole
769 1090 888 1151 Caicus:

152 1177 234 1253 ‘quis
254 1173 365 1254 globus,
388 1193 405 1234 o
425 1176 510 1244 cives,
533 1173 655 1251 caligine
674 1174 797 1235 volvitur
819 1176 901 1235 atrai

150 1259 225 1320 ierte
247 1261 296 1320 citi
319 1260 440 1328 ferrum,
464 1259 530 1319 date
552 1256 617 1328 teia,
641 1258 788 1318 ascendite
811 1277 920 1330 muros,

151 1342 243 1403 hostis
265 1342 354 1411 adest,
373 1342 467 1403 heiat’
502 1343 611 1420 ingenti
634 1340 761 1403 elamore
783 1344 950 1420 peremnis

152 1425 282 1487 condunt
303 1446 334 1488 se
356 1426 463 1488 Teucri
484 1434 584 1505 portas
606 1434 635 1486 et
657 1427 771 1486 moenia
793 1427 948 1503 complent.

150 1528 276 1589 namque
296 1512 335 1571 tta
357 1510 510 1571 discedens
528 1518 720 1587 praeceperat
739 1517 875 1588 optumus
896 1510 985 1570 armis

150 1594 278 1655 Aeneas:
302 1595 385 1675 siqua
407 1595 518 1655 interea
539 1594 656 1654 fortuna
678 1593 789 1664 fuisset,
812 1610 813 1614 ¹

152 1696 209 1738 neu
234 1686 348 1740 struere
367 1677 510 1739 auderent
530 1678 623 1738 aciem
644 1695 701 1737 neu
724 1677 847 1739 credere
869 1695 988 1756 campo:

153 1767 248 1821 castra
270 1762 357 1822 modo
383 1770 412 1822 et
433 1769 510 1823 tutos
533 1768 682 1822 servarent
703 1778 811 1838 aggere
833 1779 943 1822 muros.

152 1861 223 1921 ergo
245 1846 299 1905 etsi
321 1845 457 1907 conferre
477 1862 598 1905 manum
619 1844 715 1924 pudor
737 1846 839 1923 iraque
859 1852 1011 1914 monstrat,

152 1926 282 1989 obiciunt
300 1936 400 2007 portas
421 1935 519 1989 tannen
542 1936 571 1989 et
591 1937 746 2006 praecepta
768 1929 915 1990 iacessunt

152 2012 314 2089 armatique
335 2013 411 2073 cavis
435 2020 590 2091 expectant
612 2011 743 2072 turribus
764 2011 889 2073 hostem.

152 2095 268 2155 Turnus
288 2103 320 2155 ut
341 2104 408 2157 ante
429 2095 528 2157 volans
549 2096 664 2156 tardum
686 2104 885 2174 praecesserat
905 2114 1008 2176 agmen

151 2178 250 2256 viginti
272 2177 353 2240 lectis
373 2182 503 2260 equitum
529 2181 692 2251 comitatus,
717 2188 745 2241 et
765 2178 833 2240 urbi

152 2262 319 2340 inprovisus
340 2263 437 2333 adest;
459 2262 580 2326 maculis
603 2282 690 2343 quem
708 2262 850 2324 Thracius
875 2262 949 2324 albis

152 2353 251 2424 portat
273 2365 362 2426 equos
386 2350 530 2427 cristaque
552 2350 623 2427 tegit
645 2347 726 2427 galea
748 2364 837 2408 aurea
859 2346 960 2409 rubra.

154 2431 270 2508 ‘eequis
293 2431 355 2499 erit,
378 2450 503 2502 mecum,
527 2433 655 2504 iuvenes,
678 2432 728 2511 qui
749 2432 862 2510 primus
884 2433 914 2491 in
936 2431 1068 2493 hostemi

155 2511 203 2573 en'
224 2515 263 2573 ait
285 2519 314 2574 et
335 2514 461 2577 iaculum
482 2523 654 2596 attorquens
677 2516 780 2577 emittit
802 2515 832 2576 in
854 2533 949 2586 auras,

152 2598 327 2675 principium
349 2616 474 2678 pugnae,
497 2609 526 2661 et
548 2618 651 2679 campo
673 2618 738 2662 sese
762 2599 869 2662 arduos
891 2598 988 2660 infert.

153 2678 313 2741 clamorem
337 2685 484 2763 excipiunt
506 2685 575 2745 socii
597 2684 775 2763 fremituque
796 2692 936 2746 secuntur
1076 2686 1082 2692 “

152 2763 326 2826 horrisono:
349 2765 497 2828 Teucrum
517 2768 661 2828 mirantur
683 2769 787 2828 inertia
811 2767 909 2837 corda,

153 2864 326 2927 nonaeque
349 2849 419 2912 dare
440 2868 472 2912 se
494 2867 608 2928 campo,
629 2867 690 2911 non
713 2850 798 2911 obvia
820 2851 898 2911 ferre

153 2948 234 2991 arma
256 2934 342 3001 viros,
364 2932 414 2993 sed
430 2941 523 2994 castra
544 2933 652 2993 fovere.
686 2932 745 2993 huc
766 2932 900 2993 turbidus
921 2939 1008 3009 atque
1029 2930 1088 2992 huc

156 3012 259 3075 lustrat
282 3033 356 3095 equo
377 3033 479 3076 muros
499 3015 668 3093 aditumque
690 3033 745 3092 per
765 3015 828 3075 avia
851 3015 972 3094 quaerit.

155 3115 189 3157 ac
207 3097 294 3159 veluti
315 3097 403 3176 pleno
425 3098 511 3177 lupus
532 3098 681 3160 insidiatus
704 3098 771 3160 ovili

155 3197 243 3258 quom
265 3182 362 3243 tremit
380 3182 417 3243 ad
437 3181 544 3254 caulas,
569 3189 670 3243 ventos
691 3199 849 3263 perpessus
871 3190 899 3243 et
920 3180 1032 3252 imbris,

154 3271 241 3324 nocte
264 3283 353 3344 super
375 3267 469 3329 media
493 3266 556 3343 (tuti
578 3266 632 3328 sub
654 3266 798 3328 matribus
821 3268 888 3343 agni

154 3436 268 3491 vertitur
283 3452 355 3494 arma
372 3447 468 3496 tenens
483 3446 510 3496 et
524 3445 585 3496 toto
602 3440 703 3496 vertice
719 3455 800 3512 supra
815 3449 865 3496 est.
