2400 3878
288 782 329 857 Ρ.
353 780 569 857 vunnim
594 779 824 856 amnonis

217 953 259 1048 A
311 955 352 1048 E
405 954 450 1049 N
503 953 545 1048 E
596 952 621 1047 Ι
672 952 718 1047 D
773 953 815 1048 Ο
870 953 901 1049 S
1004 978 1007 984 ·

430 1125 545 1182 LIBER
567 1123 697 1182 NONUS

60 1463 155 1540 litque
175 1476 209 1519 ea
231 1456 344 1517 diversa
367 1456 483 1534 penitus
507 1457 575 1515 dum
597 1464 681 1533 parte
701 1462 852 1532 geruntur,

58 1543 128 1604 lrim
151 1543 188 1603 de
207 1539 287 1602 oaelo
306 1540 385 1600 misit
407 1539 541 1600 Saturnia
560 1536 634 1598 luno

60 1626 203 1688 audacem
226 1623 262 1684 ad
284 1623 426 1685 Turnum.
456 1620 523 1684 luco
546 1627 608 1682 tum
632 1621 707 1683 lorte
727 1621 857 1701 parentis

58 1709 186 1772 Pilumni
205 1708 324 1768 Turnus
346 1713 459 1768 saerata
480 1704 554 1767 valle
575 1705 705 1766 sedebat.

41 1786 97 1854 ⁴ad
118 1809 206 1872 quern
228 1793 271 1851 sio
290 1808 377 1852 roseo
399 1788 607 1851 Thaumantias
626 1808 677 1850 ore
700 1789 796 1850 locuta
818 1797 875 1850 est:
1050 1799 1067 1852 i

60 1875 186 1946 ‘'lurne,
207 1873 285 1953 quod
307 1875 419 1952 optanti
441 1873 536 1935 divom
558 1875 730 1953 promittere
752 1890 838 1933 nemo

61 1960 189 2030 auderet,
210 1955 349 2019 volvenda
372 1955 433 2018 dies
456 1974 492 2017 en
511 1956 606 2018 attulit
623 1958 710 2019 ultro.

60 2044 173 2105 deneas
190 2042 265 2104 mbo
287 2047 315 2102 et
333 2041 420 2103 sociis
441 2048 470 2101 et
491 2039 582 2101 classe
600 2042 702 2102 relicta

60 2133 177 2205 sceptra
193 2125 317 2188 Palatini
338 2123 495 2201 sedemque
517 2126 588 2203 petit
609 2125 747 2186 Euandri.

60 2228 116 2271 neo
138 2211 222 2271 sads:
246 2217 390 2269 extremas
413 2206 531 2287 Corythi
552 2210 713 2286 penetrarit
735 2211 769 2270 ad
794 2210 883 2271 urbes
1037 2219 1069 2270 lo

63 2292 269 2372 Lydorumque
289 2309 408 2352 manum
431 2290 568 2352 collectos
589 2299 682 2352 armat
705 2295 836 2371 agrestis.

63 2375 134 2454 quid
156 2374 287 2435 dubitasi
309 2391 387 2435 nuno
408 2383 523 2453 tempus
545 2392 644 2453 equos,
668 2394 746 2437 nune
767 2395 891 2454 poscere
914 2394 1028 2439 currus.

65 2475 170 2536 rumpe
192 2473 290 2518 moras
313 2458 407 2517 omnis
428 2465 457 2519 et
477 2458 593 2519 turbata
614 2461 711 2554 arripe
734 2461 847 2520 castra!

65 2541 137 2602 dixit
156 2541 211 2601 et
204 2557 233 2599 m
254 2537 366 2600 eaelum
388 2541 506 2617 paribus
527 2559 559 2603 se
579 2537 694 2603 sustulit
715 2541 766 2603 alis

64 2626 271 2701 ingentemque
290 2622 358 2699 iuga
378 2625 469 2685 soouit
488 2625 542 2686 sub
565 2624 693 2686 nubibus
714 2643 824 2687 arcum.
1040 2634 1070 2686 lo

64 2707 200 2787 adgnovit
221 2706 331 2768 iuvenis
353 2705 533 2789 duplicisque
555 2709 591 2770 ad
612 2709 708 2770 sidera
729 2708 839 2787 palmas

63 2791 187 2862 sustulit,
211 2809 245 2853 ao
266 2789 315 2853 tali
336 2790 494 2869 fugientem
516 2799 560 2854 est
580 2810 650 2854 roco
673 2800 807 2855 secutus:

63 2876 126 2947 ‘lri‚
145 2876 235 2938 decus
255 2873 336 2944 caeli,
360 2875 425 2954 quis
448 2882 478 2936 te
499 2876 570 2936 mihi
590 2876 718 2937 nubibus
738 2885 832 2940 aotam

63 2959 165 3020 detulit
186 2962 218 3020 in
235 2959 346 3021 terrosi
367 2957 446 3020 unde
466 2958 538 3020 haee
558 2966 615 3021 tam
638 2961 716 3023 clara
739 2971 859 3040 repente

63 3043 238 3120 tempestasl
258 3042 387 3103 medium
407 3041 491 3103 rideo
511 3042 661 3105 discedere
680 3044 792 3106 caelum
1036 3052 1071 3103 ao

64 3124 245 3223 palantisque
266 3125 334 3205 polo
355 3122 463 3186 stellas
495 3143 602 3205 sequor
622 3129 720 3187 omina
739 3137 826 3197 tanta,

66 3208 198 3285 quisquis
220 3208 249 3267 in
270 3225 350 3268 arma
371 3209 477 3269 rocas.
510 3217 539 3269 et
558 3211 600 3270 sio
622 3210 724 3271 aliatus
741 3211 778 3269 ad
800 3210 908 3273 undam

66 3291 210 3370 prooessit
231 3307 403 3369 summoque
424 3291 520 3353 hausit
541 3292 578 3354 de
600 3294 715 3371 gurgite
734 3290 874 3372 lymphas,

67 3372 157 3434 multa
178 3371 249 3434 deos
268 3389 365 3442 orans,
389 3377 577 3455 oneravitque
598 3374 716 3436 aethera
739 3378 819 3438 rotis

813 3477 871 3536 1⁷·
