<?xml version="1.0" encoding="UTF-8"?>
<!DOCTYPE html PUBLIC "-//W3C//DTD XHTML 1.0 Transitional//EN"
    "http://www.w3.org/TR/xhtml1/DTD/xhtml1-transitional.dtd">
<html xmlns="http://www.w3.org/1999/xhtml" xml:lang="en" lang="en">
 <head>
  <title>
</title>
<meta http-equiv="Content-Type" content="text/html;charset=utf-8" />
  <meta name='ocr-system' content='tesseract 3.04.00' />
  <meta name='ocr-capabilities' content='ocr_page ocr_carea ocr_par ocr_line ocrx_word'/>
</head>
<body>
  <div class='ocr_page' id='page_1' title='image "./operainusumscho00virggoog_0357.png"; bbox 0 0 2400 3878; ppageno 0'>
   <div class='ocr_carea' id='block_1_1' title="bbox 463 194 1138 257">
    <p class='ocr_par' dir='ltr' id='par_1_1' title="bbox 463 194 1138 257">
     <span class='ocr_line' id='line_1_1' title="bbox 463 194 1138 257; baseline 0.003 -3"><span class='ocrx_word' id='word_1_1' title='bbox 463 205 607 255; x_wconf 83' lang='lat' dir='ltr'><strong>vnnoun</strong></span> <span class='ocrx_word' id='word_1_2' title='bbox 621 206 747 255; x_wconf 76' lang='lat' dir='ltr'><strong>anunm</strong></span> <span class='ocrx_word' id='word_1_3' title='bbox 763 206 800 255; x_wconf 83' lang='lat' dir='ltr'><strong>xi</strong></span> <span class='ocrx_word' id='word_1_4' title='bbox 1078 194 1138 257; x_wconf 77' lang='lat' dir='ltr'><strong>stt</strong></span> 
     </span>
    </p>
   </div>
   <div class='ocr_carea' id='block_1_2' title="bbox 74 359 1139 1529">
    <p class='ocr_par' dir='ltr' id='par_1_2' title="bbox 129 359 1139 774">
     <span class='ocr_line' id='line_1_2' title="bbox 129 359 1139 439; baseline -0.005 -14"><span class='ocrx_word' id='word_1_5' title='bbox 129 365 226 425; x_wconf 81' lang='lat' dir='ltr'><strong>amnis</strong></span> <span class='ocrx_word' id='word_1_6' title='bbox 248 371 276 424; x_wconf 93' lang='lat' dir='ltr'><strong>et</strong></span> <span class='ocrx_word' id='word_1_7' title='bbox 298 361 456 424; x_wconf 84' lang='lat' dir='ltr'><strong>Hadriacas</strong></span> <span class='ocrx_word' id='word_1_8' title='bbox 475 370 555 422; x_wconf 91' lang='lat' dir='ltr'><strong>retro</strong></span> <span class='ocrx_word' id='word_1_9' title='bbox 578 361 651 439; x_wconf 79' lang='lat' dir='ltr'><strong>iugit</strong></span> <span class='ocrx_word' id='word_1_10' title='bbox 669 359 788 421; x_wconf 76' lang='lat' dir='ltr'><strong>enudus</strong></span> <span class='ocrx_word' id='word_1_11' title='bbox 810 360 912 422; x_wconf 85' lang='lat' dir='ltr'><strong>undas.</strong></span> <span class='ocrx_word' id='word_1_12' title='bbox 1086 367 1139 420; x_wconf 71' lang='lat'><strong>40⁶</strong></span> 
     </span>
     <span class='ocr_line' id='line_1_3' title="bbox 129 445 899 524; baseline -0.003 -18"><span class='ocrx_word' id='word_1_13' title='bbox 129 445 176 508; x_wconf 84' lang='lat' dir='ltr'><strong>rel</strong></span> <span class='ocrx_word' id='word_1_14' title='bbox 196 464 264 507; x_wconf 89' lang='lat' dir='ltr'><strong>cum</strong></span> <span class='ocrx_word' id='word_1_15' title='bbox 286 465 318 506; x_wconf 86' lang='lat' dir='ltr'><strong>se</strong></span> <span class='ocrx_word' id='word_1_16' title='bbox 337 446 474 524; x_wconf 84' lang='lat' dir='ltr'><strong>pavidum</strong></span> <span class='ocrx_word' id='word_1_17' title='bbox 499 454 601 506; x_wconf 87' lang='lat' dir='ltr'><strong>contra</strong></span> <span class='ocrx_word' id='word_1_18' title='bbox 619 461 683 506; x_wconf 85' lang='lat' dir='ltr'><strong>mea</strong></span> <span class='ocrx_word' id='word_1_19' title='bbox 701 445 796 522; x_wconf 78' lang='lat' dir='ltr'><strong>iurgia</strong></span> <span class='ocrx_word' id='word_1_20' title='bbox 817 445 899 524; x_wconf 78' lang='lat' dir='ltr'><strong>tingit</strong></span> 
     </span>
     <span class='ocr_line' id='line_1_4' title="bbox 129 526 872 602; baseline -0.003 -11"><span class='ocrx_word' id='word_1_21' title='bbox 129 530 248 602; x_wconf 75' lang='lat' dir='ltr'><strong>mulleis</strong></span> <span class='ocrx_word' id='word_1_22' title='bbox 269 529 363 591; x_wconf 86' lang='lat' dir='ltr'><strong>scelus</strong></span> <span class='ocrx_word' id='word_1_23' title='bbox 381 526 416 589; x_wconf 72' lang='lat' dir='ltr'><strong>&#39;et</strong></span> <span class='ocrx_word' id='word_1_24' title='bbox 436 529 592 589; x_wconf 76' lang='lat' dir='ltr'><strong>formidine</strong></span> <span class='ocrx_word' id='word_1_25' title='bbox 613 530 725 592; x_wconf 82' lang='lat' dir='ltr'>crimen</span> <span class='ocrx_word' id='word_1_26' title='bbox 745 527 872 592; x_wconf 80' lang='lat' dir='ltr'>acerbat.</span> 
     </span>
     <span class='ocr_line' id='line_1_5' title="bbox 130 604 1022 693; baseline -0.001 -18"><span class='ocrx_word' id='word_1_27' title='bbox 130 604 289 692; x_wconf 79' lang='lat' dir='ltr'><strong>numquam</strong></span> <span class='ocrx_word' id='word_1_28' title='bbox 308 614 434 674; x_wconf 86' lang='lat' dir='ltr'><strong>animam</strong></span> <span class='ocrx_word' id='word_1_29' title='bbox 455 612 544 674; x_wconf 88' lang='lat' dir='ltr'><strong>talem</strong></span> <span class='ocrx_word' id='word_1_30' title='bbox 565 613 667 674; x_wconf 84' lang='lat' dir='ltr'><strong>dextra</strong></span> <span class='ocrx_word' id='word_1_31' title='bbox 688 613 744 673; x_wconf 78' lang='lat' dir='ltr'><strong>liae</strong></span> <span class='ocrx_word' id='word_1_32' title='bbox 766 612 883 692; x_wconf 66' lang='lat' dir='ltr'><strong>(abente</strong></span> <span class='ocrx_word' id='word_1_33' title='bbox 901 613 1022 693; x_wconf 78' lang='lat' dir='ltr'><strong>moveri)</strong></span> 
     </span>
     <span class='ocr_line' id='line_1_6' title="bbox 130 696 902 774; baseline 0.004 -16"><span class='ocrx_word' id='word_1_34' title='bbox 130 698 261 758; x_wconf 89' lang='lat' dir='ltr'><strong>amittes:</strong></span> <span class='ocrx_word' id='word_1_35' title='bbox 285 696 396 758; x_wconf 81' lang='lat' dir='ltr'><strong>habitet</strong></span> <span class='ocrx_word' id='word_1_36' title='bbox 415 707 514 758; x_wconf 90' lang='lat' dir='ltr'><strong>tecum</strong></span> <span class='ocrx_word' id='word_1_37' title='bbox 536 705 565 757; x_wconf 90' lang='lat' dir='ltr'><strong>et</strong></span> <span class='ocrx_word' id='word_1_38' title='bbox 586 699 624 757; x_wconf 92' lang='lat' dir='ltr'><strong>sit</strong></span> <span class='ocrx_word' id='word_1_39' title='bbox 642 704 764 774; x_wconf 90' lang='lat' dir='ltr'><strong>pectore</strong></span> <span class='ocrx_word' id='word_1_40' title='bbox 784 698 815 757; x_wconf 93' lang='lat' dir='ltr'><strong>in</strong></span> <span class='ocrx_word' id='word_1_41' title='bbox 835 697 902 761; x_wconf 89' lang='lat' dir='ltr'><strong>isto.</strong></span> 
     </span>
    </p>

    <p class='ocr_par' dir='ltr' id='par_1_3' title="bbox 130 779 1012 943">
     <span class='ocr_line' id='line_1_7' title="bbox 130 779 1012 860; baseline 0 -18"><span class='ocrx_word' id='word_1_42' title='bbox 130 799 210 842; x_wconf 90' lang='lat' dir='ltr'><strong>nunc</strong></span> <span class='ocrx_word' id='word_1_43' title='bbox 232 780 268 841; x_wconf 87' lang='lat' dir='ltr'><strong>ad</strong></span> <span class='ocrx_word' id='word_1_44' title='bbox 290 789 319 843; x_wconf 92' lang='lat' dir='ltr'><strong>te</strong></span> <span class='ocrx_word' id='word_1_45' title='bbox 341 790 370 842; x_wconf 91' lang='lat' dir='ltr'><strong>et</strong></span> <span class='ocrx_word' id='word_1_46' title='bbox 391 790 440 842; x_wconf 88' lang='lat' dir='ltr'><strong>tua</strong></span> <span class='ocrx_word' id='word_1_47' title='bbox 463 799 576 860; x_wconf 83' lang='lat' dir='ltr'><strong>magna,</strong></span> <span class='ocrx_word' id='word_1_48' title='bbox 599 789 692 859; x_wconf 88' lang='lat' dir='ltr'><strong>pater,</strong></span> <span class='ocrx_word' id='word_1_49' title='bbox 716 779 849 842; x_wconf 90' lang='lat' dir='ltr'><strong>consulta</strong></span> <span class='ocrx_word' id='word_1_50' title='bbox 870 787 1012 842; x_wconf 84' lang='lat' dir='ltr'><strong>revertor.</strong></span> 
     </span>
     <span class='ocr_line' id='line_1_8' title="bbox 130 863 894 943; baseline 0 -19"><span class='ocrx_word' id='word_1_51' title='bbox 130 866 156 924; x_wconf 85' lang='lat' dir='ltr'><strong>si</strong></span> <span class='ocrx_word' id='word_1_52' title='bbox 175 863 286 925; x_wconf 89' lang='lat' dir='ltr'><strong>nullam</strong></span> <span class='ocrx_word' id='word_1_53' title='bbox 307 866 414 925; x_wconf 87' lang='lat' dir='ltr'><strong>nostris</strong></span> <span class='ocrx_word' id='word_1_54' title='bbox 434 865 511 925; x_wconf 86' lang='lat' dir='ltr'><strong>ultra</strong></span> <span class='ocrx_word' id='word_1_55' title='bbox 532 882 616 943; x_wconf 88' lang='lat' dir='ltr'><strong>spem</strong></span> <span class='ocrx_word' id='word_1_56' title='bbox 637 865 721 942; x_wconf 90' lang='lat' dir='ltr'><strong>ponis</strong></span> <span class='ocrx_word' id='word_1_57' title='bbox 742 865 773 924; x_wconf 93' lang='lat' dir='ltr'><strong>iu</strong></span> <span class='ocrx_word' id='word_1_58' title='bbox 795 865 894 934; x_wconf 89' lang='lat' dir='ltr'><strong>armis,</strong></span> 
     </span>
    </p>

    <p class='ocr_par' dir='ltr' id='par_1_4' title="bbox 131 946 1008 1196">
     <span class='ocr_line' id='line_1_9' title="bbox 131 946 890 1032; baseline 0 -24"><span class='ocrx_word' id='word_1_59' title='bbox 131 949 235 1009; x_wconf 88' lang='lat' dir='ltr'><strong>sitam</strong></span> <span class='ocrx_word' id='word_1_60' title='bbox 258 949 366 1010; x_wconf 78' lang='lat' dir='ltr'>deserti</span> <span class='ocrx_word' id='word_1_61' title='bbox 385 966 486 1032; x_wconf 86' lang='lat' dir='ltr'><strong>sumus</strong></span> <span class='ocrx_word' id='word_1_62' title='bbox 508 960 536 1009; x_wconf 90' lang='lat' dir='ltr'><strong>et</strong></span> <span class='ocrx_word' id='word_1_63' title='bbox 557 946 649 1009; x_wconf 87' lang='lat' dir='ltr'><strong>semel</strong></span> <span class='ocrx_word' id='word_1_64' title='bbox 670 950 786 1026; x_wconf 79' lang='lat' dir='ltr'>agmine</span> <span class='ocrx_word' id='word_1_65' title='bbox 805 966 890 1010; x_wconf 82' lang='lat' dir='ltr'><strong>verso</strong></span> 
     </span>
     <span class='ocr_line' id='line_1_10' title="bbox 131 1031 1008 1113; baseline 0.003 -22"><span class='ocrx_word' id='word_1_66' title='bbox 131 1031 260 1093; x_wconf 82' lang='lat' dir='ltr'><strong>funditus</strong></span> <span class='ocrx_word' id='word_1_67' title='bbox 278 1033 437 1095; x_wconf 86' lang='lat' dir='ltr'><strong>occidimus</strong></span> <span class='ocrx_word' id='word_1_68' title='bbox 458 1051 555 1113; x_wconf 90' lang='lat' dir='ltr'><strong>neque</strong></span> <span class='ocrx_word' id='word_1_69' title='bbox 573 1031 663 1093; x_wconf 90' lang='lat' dir='ltr'><strong>habet</strong></span> <span class='ocrx_word' id='word_1_70' title='bbox 681 1032 812 1094; x_wconf 79' lang='lat' dir='ltr'><strong>Fortuna</strong></span> <span class='ocrx_word' id='word_1_71' title='bbox 832 1049 1008 1112; x_wconf 80' lang='lat' dir='ltr'><strong>regressum,</strong></span> 
     </span>
     <span class='ocr_line' id='line_1_11' title="bbox 131 1117 865 1196; baseline 0 -20"><span class='ocrx_word' id='word_1_72' title='bbox 131 1133 249 1177; x_wconf 84' lang='lat' dir='ltr'><strong>oremus</strong></span> <span class='ocrx_word' id='word_1_73' title='bbox 270 1135 374 1196; x_wconf 88' lang='lat' dir='ltr'><strong>pacem</strong></span> <span class='ocrx_word' id='word_1_74' title='bbox 395 1125 425 1179; x_wconf 95' lang='lat' dir='ltr'><strong>et</strong></span> <span class='ocrx_word' id='word_1_75' title='bbox 445 1117 563 1179; x_wconf 84' lang='lat' dir='ltr'><strong>dextras</strong></span> <span class='ocrx_word' id='word_1_76' title='bbox 585 1117 738 1178; x_wconf 82' lang='lat' dir='ltr'><strong>tendamus</strong></span> <span class='ocrx_word' id='word_1_77' title='bbox 755 1117 865 1178; x_wconf 88' lang='lat' dir='ltr'><strong>inertis.</strong></span> 
     </span>
    </p>

    <p class='ocr_par' dir='ltr' id='par_1_5' title="bbox 74 1201 998 1529">
     <span class='ocr_line' id='line_1_12' title="bbox 74 1201 992 1281; baseline 0.002 -22"><span class='ocrx_word' id='word_1_78' title='bbox 74 1241 79 1250; x_wconf 79' lang='lat'><strong>·</strong></span> <span class='ocrx_word' id='word_1_79' title='bbox 132 1217 309 1279; x_wconf 86' lang='lat' dir='ltr'><strong>quamquam</strong></span> <span class='ocrx_word' id='word_1_80' title='bbox 329 1220 356 1272; x_wconf 94' lang='lat' dir='ltr'><strong>o,</strong></span> <span class='ocrx_word' id='word_1_81' title='bbox 380 1202 404 1262; x_wconf 90' lang='lat' dir='ltr'><strong>si</strong></span> <span class='ocrx_word' id='word_1_82' title='bbox 424 1201 526 1263; x_wconf 92' lang='lat' dir='ltr'><strong>solitae</strong></span> <span class='ocrx_word' id='word_1_83' title='bbox 548 1203 706 1281; x_wconf 88' lang='lat' dir='ltr'><strong>quicquam</strong></span> <span class='ocrx_word' id='word_1_84' title='bbox 727 1202 842 1263; x_wconf 81' lang='lat' dir='ltr'><strong>virtutis</strong></span> <span class='ocrx_word' id='word_1_85' title='bbox 864 1202 992 1262; x_wconf 76' lang='lat' dir='ltr'><strong>adesset!</strong></span> 
     </span>
     <span class='ocr_line' id='line_1_13' title="bbox 131 1282 849 1365; baseline 0.006 -22"><span class='ocrx_word' id='word_1_86' title='bbox 131 1282 180 1344; x_wconf 91' lang='lat' dir='ltr'><strong>ille</strong></span> <span class='ocrx_word' id='word_1_87' title='bbox 197 1285 269 1344; x_wconf 90' lang='lat' dir='ltr'><strong>mihi</strong></span> <span class='ocrx_word' id='word_1_88' title='bbox 289 1295 355 1346; x_wconf 89' lang='lat' dir='ltr'><strong>ante</strong></span> <span class='ocrx_word' id='word_1_89' title='bbox 376 1285 448 1347; x_wconf 83' lang='lat' dir='ltr'><strong>alios</strong></span> <span class='ocrx_word' id='word_1_90' title='bbox 470 1287 691 1365; x_wconf 74' lang='lat' dir='ltr'><strong>fortunatusque</strong></span> <span class='ocrx_word' id='word_1_91' title='bbox 712 1284 849 1347; x_wconf 87' lang='lat' dir='ltr'><strong>laborum</strong></span> 
     </span>
     <span class='ocr_line' id='line_1_14' title="bbox 131 1368 869 1448; baseline 0.001 -20"><span class='ocrx_word' id='word_1_92' title='bbox 131 1369 324 1448; x_wconf 84' lang='lat' dir='ltr'><strong>egregiusque</strong></span> <span class='ocrx_word' id='word_1_93' title='bbox 346 1371 442 1439; x_wconf 85' lang='lat' dir='ltr'><strong>animi,</strong></span> <span class='ocrx_word' id='word_1_94' title='bbox 466 1371 523 1448; x_wconf 84' lang='lat' dir='ltr'><strong>qui,</strong></span> <span class='ocrx_word' id='word_1_95' title='bbox 543 1370 651 1447; x_wconf 87' lang='lat' dir='ltr'><strong>nequid</strong></span> <span class='ocrx_word' id='word_1_96' title='bbox 670 1368 727 1429; x_wconf 91' lang='lat' dir='ltr'><strong>tale</strong></span> <span class='ocrx_word' id='word_1_97' title='bbox 749 1369 869 1438; x_wconf 83' lang='lat' dir='ltr'><strong>videret,</strong></span> 
     </span>
     <span class='ocr_line' id='line_1_15' title="bbox 131 1451 998 1529; baseline -0.001 -18"><span class='ocrx_word' id='word_1_98' title='bbox 131 1452 288 1529; x_wconf 75' lang='lat' dir='ltr'><strong>procubuit</strong></span> <span class='ocrx_word' id='word_1_99' title='bbox 310 1453 438 1513; x_wconf 86' lang='lat' dir='ltr'><strong>moriens</strong></span> <span class='ocrx_word' id='word_1_100' title='bbox 462 1461 492 1512; x_wconf 91' lang='lat' dir='ltr'><strong>et</strong></span> <span class='ocrx_word' id='word_1_101' title='bbox 507 1453 630 1512; x_wconf 89' lang='lat' dir='ltr'><strong>humum</strong></span> <span class='ocrx_word' id='word_1_102' title='bbox 652 1451 738 1512; x_wconf 89' lang='lat' dir='ltr'><strong>simul</strong></span> <span class='ocrx_word' id='word_1_103' title='bbox 759 1470 812 1512; x_wconf 91' lang='lat' dir='ltr'><strong>ore</strong></span> <span class='ocrx_word' id='word_1_104' title='bbox 833 1451 998 1513; x_wconf 81' lang='lat' dir='ltr'><strong>memordit</strong></span> 
     </span>
    </p>
   </div>
   <div class='ocr_carea' id='block_1_3' title="bbox 17 1533 873 1614">
    <p class='ocr_par' dir='ltr' id='par_1_6' title="bbox 17 1533 873 1614">
     <span class='ocr_line' id='line_1_16' title="bbox 17 1533 873 1614; baseline -0.001 -18"><span class='ocrx_word' id='word_1_105' title='bbox 17 1602 20 1608; x_wconf 58' lang='grc'><em>,</em></span> <span class='ocrx_word' id='word_1_106' title='bbox 131 1537 177 1596; x_wconf 89' lang='lat' dir='ltr'><strong>sin</strong></span> <span class='ocrx_word' id='word_1_107' title='bbox 199 1545 229 1595; x_wconf 90' lang='lat' dir='ltr'><strong>et</strong></span> <span class='ocrx_word' id='word_1_108' title='bbox 250 1553 321 1614; x_wconf 88' lang='lat' dir='ltr'><strong>opes</strong></span> <span class='ocrx_word' id='word_1_109' title='bbox 340 1535 426 1594; x_wconf 88' lang='lat' dir='ltr'><strong>nobis</strong></span> <span class='ocrx_word' id='word_1_110' title='bbox 446 1541 474 1595; x_wconf 90' lang='lat' dir='ltr'><strong>et</strong></span> <span class='ocrx_word' id='word_1_111' title='bbox 495 1533 591 1594; x_wconf 90' lang='lat' dir='ltr'><strong>adhuc</strong></span> <span class='ocrx_word' id='word_1_112' title='bbox 611 1535 719 1594; x_wconf 88' lang='lat' dir='ltr'><strong>intacta</strong></span> <span class='ocrx_word' id='word_1_113' title='bbox 739 1535 873 1595; x_wconf 77' lang='lat' dir='ltr'><strong>iuventus</strong></span> 
     </span>
    </p>
   </div>
   <div class='ocr_carea' id='block_1_4' title="bbox 131 1616 985 3532">
    <p class='ocr_par' dir='ltr' id='par_1_7' title="bbox 131 1616 880 1696">
     <span class='ocr_line' id='line_1_17' title="bbox 131 1616 880 1696; baseline -0.005 -16"><span class='ocrx_word' id='word_1_114' title='bbox 131 1618 299 1694; x_wconf 82' lang='lat' dir='ltr'><strong>auxilioque</strong></span> <span class='ocrx_word' id='word_1_115' title='bbox 322 1617 412 1679; x_wconf 90' lang='lat' dir='ltr'><strong>urbes</strong></span> <span class='ocrx_word' id='word_1_116' title='bbox 430 1616 518 1677; x_wconf 88' lang='lat' dir='ltr'><strong>ltalae</strong></span> <span class='ocrx_word' id='word_1_117' title='bbox 536 1616 695 1696; x_wconf 86' lang='lat' dir='ltr'><strong>populique</strong></span> <span class='ocrx_word' id='word_1_118' title='bbox 714 1624 880 1695; x_wconf 77' lang='lat' dir='ltr'><strong>supersunt,</strong></span> 
     </span>
    </p>

    <p class='ocr_par' dir='ltr' id='par_1_8' title="bbox 132 1699 797 1777">
     <span class='ocr_line' id='line_1_18' title="bbox 132 1699 797 1777; baseline 0 -15"><span class='ocrx_word' id='word_1_119' title='bbox 132 1705 179 1763; x_wconf 85' lang='lat' dir='ltr'><strong>sin</strong></span> <span class='ocrx_word' id='word_1_120' title='bbox 203 1711 232 1760; x_wconf 91' lang='lat' dir='ltr'><strong>et</strong></span> <span class='ocrx_word' id='word_1_121' title='bbox 253 1700 386 1761; x_wconf 83' lang='lat' dir='ltr'><strong>Troianis</strong></span> <span class='ocrx_word' id='word_1_122' title='bbox 406 1719 474 1761; x_wconf 84' lang='lat' dir='ltr'><strong>eum</strong></span> <span class='ocrx_word' id='word_1_123' title='bbox 494 1699 584 1760; x_wconf 90' lang='lat' dir='ltr'><strong>multo</strong></span> <span class='ocrx_word' id='word_1_124' title='bbox 607 1700 699 1777; x_wconf 78' lang='lat' dir='ltr'><strong>gloria</strong></span> <span class='ocrx_word' id='word_1_125' title='bbox 719 1701 797 1762; x_wconf 79' lang='lat' dir='ltr'><strong>venit</strong></span> 
     </span>
    </p>

    <p class='ocr_par' dir='ltr' id='par_1_9' title="bbox 132 1783 985 2117">
     <span class='ocr_line' id='line_1_19' title="bbox 133 1783 970 1866; baseline 0.006 -22"><span class='ocrx_word' id='word_1_126' title='bbox 133 1786 276 1859; x_wconf 79' lang='lat' dir='ltr'><strong>sanguine</strong></span> <span class='ocrx_word' id='word_1_127' title='bbox 297 1784 374 1860; x_wconf 84' lang='lat' dir='ltr'><strong>(sunt</strong></span> <span class='ocrx_word' id='word_1_128' title='bbox 395 1783 451 1845; x_wconf 91' lang='lat' dir='ltr'><strong>illis</strong></span> <span class='ocrx_word' id='word_1_129' title='bbox 473 1803 526 1844; x_wconf 86' lang='lat' dir='ltr'><strong>sua</strong></span> <span class='ocrx_word' id='word_1_130' title='bbox 547 1783 650 1845; x_wconf 82' lang='lat' dir='ltr'><strong>lunera</strong></span> <span class='ocrx_word' id='word_1_131' title='bbox 671 1802 782 1865; x_wconf 85' lang='lat' dir='ltr'><strong>parque</strong></span> <span class='ocrx_word' id='word_1_132' title='bbox 802 1804 857 1866; x_wconf 90' lang='lat' dir='ltr'><strong>per</strong></span> <span class='ocrx_word' id='word_1_133' title='bbox 877 1787 970 1848; x_wconf 86' lang='lat' dir='ltr'><strong>omnis</strong></span> 
     </span>
     <span class='ocr_line' id='line_1_20' title="bbox 134 1867 853 1950; baseline 0.01 -24"><span class='ocrx_word' id='word_1_134' title='bbox 134 1867 317 1947; x_wconf 85' lang='lat' dir='ltr'><strong>tempestas):</strong></span> <span class='ocrx_word' id='word_1_135' title='bbox 339 1887 392 1929; x_wconf 86' lang='lat' dir='ltr'><strong>cur</strong></span> <span class='ocrx_word' id='word_1_136' title='bbox 413 1868 566 1930; x_wconf 90' lang='lat' dir='ltr'><strong>indecores</strong></span> <span class='ocrx_word' id='word_1_137' title='bbox 586 1869 617 1929; x_wconf 92' lang='lat' dir='ltr'><strong>in</strong></span> <span class='ocrx_word' id='word_1_138' title='bbox 636 1868 737 1932; x_wconf 88' lang='lat' dir='ltr'><strong>limine</strong></span> <span class='ocrx_word' id='word_1_139' title='bbox 757 1871 853 1950; x_wconf 85' lang='lat' dir='ltr'><strong>primo</strong></span> 
     </span>
     <span class='ocr_line' id='line_1_21' title="bbox 133 1951 985 2035; baseline 0.008 -25"><span class='ocrx_word' id='word_1_140' title='bbox 133 1951 301 2011; x_wconf 79' lang='lat' dir='ltr'><strong>deiiolmusl</strong></span> <span class='ocrx_word' id='word_1_141' title='bbox 322 1970 375 2013; x_wconf 90' lang='lat' dir='ltr'><strong>cur</strong></span> <span class='ocrx_word' id='word_1_142' title='bbox 396 1961 464 2015; x_wconf 84' lang='lat' dir='ltr'><strong>unte</strong></span> <span class='ocrx_word' id='word_1_143' title='bbox 485 1953 585 2014; x_wconf 85' lang='lat' dir='ltr'><strong>tubam</strong></span> <span class='ocrx_word' id='word_1_144' title='bbox 606 1963 718 2015; x_wconf 87' lang='lat' dir='ltr'><strong>tremor</strong></span> <span class='ocrx_word' id='word_1_145' title='bbox 740 1965 864 2035; x_wconf 90' lang='lat' dir='ltr'><strong>occupat</strong></span> <span class='ocrx_word' id='word_1_146' title='bbox 887 1957 985 2019; x_wconf 73' lang='lat' dir='ltr'><strong>artus?</strong></span> 
     </span>
     <span class='ocr_line' id='line_1_22' title="bbox 132 2034 829 2117; baseline 0.011 -22"><span class='ocrx_word' id='word_1_147' title='bbox 132 2034 224 2096; x_wconf 89' lang='lat' dir='ltr'><strong>multa</strong></span> <span class='ocrx_word' id='word_1_148' title='bbox 244 2036 307 2096; x_wconf 89' lang='lat' dir='ltr'><strong>dies</strong></span> <span class='ocrx_word' id='word_1_149' title='bbox 325 2037 479 2117; x_wconf 85' lang='lat' dir='ltr'><strong>variusque</strong></span> <span class='ocrx_word' id='word_1_150' title='bbox 497 2037 581 2099; x_wconf 85' lang='lat' dir='ltr'><strong>labor</strong></span> <span class='ocrx_word' id='word_1_151' title='bbox 599 2037 746 2100; x_wconf 85' lang='lat' dir='ltr'><strong>mutabilis</strong></span> <span class='ocrx_word' id='word_1_152' title='bbox 767 2044 829 2103; x_wconf 78' lang='lat' dir='ltr'><strong>aevi</strong></span> 
     </span>
    </p>

    <p class='ocr_par' dir='ltr' id='par_1_10' title="bbox 132 2118 843 2193">
     <span class='ocr_line' id='line_1_23' title="bbox 132 2118 843 2193; baseline 0.006 -12"><span class='ocrx_word' id='word_1_153' title='bbox 132 2118 243 2181; x_wconf 89' lang='lat' dir='ltr'><strong>rettulit</strong></span> <span class='ocrx_word' id='word_1_154' title='bbox 264 2120 294 2180; x_wconf 93' lang='lat' dir='ltr'><strong>in</strong></span> <span class='ocrx_word' id='word_1_155' title='bbox 317 2121 429 2193; x_wconf 90' lang='lat' dir='ltr'><strong>melius,</strong></span> <span class='ocrx_word' id='word_1_156' title='bbox 452 2121 559 2185; x_wconf 86' lang='lat' dir='ltr'><strong>multos</strong></span> <span class='ocrx_word' id='word_1_157' title='bbox 581 2121 693 2185; x_wconf 80' lang='lat' dir='ltr'><strong>alterne</strong></span> <span class='ocrx_word' id='word_1_158' title='bbox 713 2127 843 2187; x_wconf 81' lang='lat' dir='ltr'><strong>revisens</strong></span> 
     </span>
    </p>

    <p class='ocr_par' dir='ltr' id='par_1_11' title="bbox 132 2202 827 2272">
     <span class='ocr_line' id='line_1_24' title="bbox 132 2202 827 2272; baseline 0.009 -8"><span class='ocrx_word' id='word_1_159' title='bbox 132 2202 201 2265; x_wconf 91' lang='lat' dir='ltr'><strong>lusit</strong></span> <span class='ocrx_word' id='word_1_160' title='bbox 221 2213 250 2265; x_wconf 90' lang='lat' dir='ltr'><strong>et</strong></span> <span class='ocrx_word' id='word_1_161' title='bbox 270 2205 300 2265; x_wconf 93' lang='lat' dir='ltr'><strong>in</strong></span> <span class='ocrx_word' id='word_1_162' title='bbox 322 2205 415 2267; x_wconf 89' lang='lat' dir='ltr'><strong>solido</strong></span> <span class='ocrx_word' id='word_1_163' title='bbox 437 2225 541 2269; x_wconf 85' lang='lat' dir='ltr'><strong>rursus</strong></span> <span class='ocrx_word' id='word_1_164' title='bbox 563 2207 693 2270; x_wconf 83' lang='lat' dir='ltr'><strong>Fortuna</strong></span> <span class='ocrx_word' id='word_1_165' title='bbox 714 2207 827 2272; x_wconf 84' lang='lat' dir='ltr'><strong>locavit.</strong></span> 
     </span>
    </p>

    <p class='ocr_par' dir='ltr' id='par_1_12' title="bbox 133 2288 801 2373">
     <span class='ocr_line' id='line_1_25' title="bbox 133 2288 801 2373; baseline 0.009 -25"><span class='ocrx_word' id='word_1_166' title='bbox 133 2305 192 2348; x_wconf 93' lang='lat' dir='ltr'><strong>non</strong></span> <span class='ocrx_word' id='word_1_167' title='bbox 214 2288 269 2350; x_wconf 90' lang='lat' dir='ltr'><strong>erit</strong></span> <span class='ocrx_word' id='word_1_168' title='bbox 289 2289 396 2352; x_wconf 82' lang='lat' dir='ltr'><strong>auxilio</strong></span> <span class='ocrx_word' id='word_1_169' title='bbox 420 2293 504 2353; x_wconf 87' lang='lat' dir='ltr'><strong>nobis</strong></span> <span class='ocrx_word' id='word_1_170' title='bbox 524 2293 642 2354; x_wconf 74' lang='lat' dir='ltr'><strong>Aetolus</strong></span> <span class='ocrx_word' id='word_1_171' title='bbox 665 2301 694 2353; x_wconf 91' lang='lat' dir='ltr'><strong>et</strong></span> <span class='ocrx_word' id='word_1_172' title='bbox 714 2295 801 2373; x_wconf 79' lang='lat' dir='ltr'><strong>Arpi:</strong></span> 
     </span>
    </p>

    <p class='ocr_par' dir='ltr' id='par_1_13' title="bbox 133 2371 896 2456">
     <span class='ocr_line' id='line_1_26' title="bbox 133 2371 896 2456; baseline 0.01 -25"><span class='ocrx_word' id='word_1_173' title='bbox 133 2381 162 2431; x_wconf 91' lang='lat' dir='ltr'><strong>at</strong></span> <span class='ocrx_word' id='word_1_174' title='bbox 183 2373 331 2452; x_wconf 86' lang='lat' dir='ltr'><strong>Messapus</strong></span> <span class='ocrx_word' id='word_1_175' title='bbox 353 2379 410 2437; x_wconf 92' lang='lat' dir='ltr'><strong>erit</strong></span> <span class='ocrx_word' id='word_1_176' title='bbox 430 2371 558 2456; x_wconf 74' lang='lat' dir='ltr'><strong>ielinque</strong></span> <span class='ocrx_word' id='word_1_177' title='bbox 579 2375 752 2436; x_wconf 86' lang='lat' dir='ltr'><strong>Tolumnius</strong></span> <span class='ocrx_word' id='word_1_178' title='bbox 774 2386 803 2438; x_wconf 91' lang='lat' dir='ltr'><strong>et</strong></span> <span class='ocrx_word' id='word_1_179' title='bbox 823 2397 896 2456; x_wconf 88' lang='lat' dir='ltr'><strong>quos</strong></span> 
     </span>
    </p>

    <p class='ocr_par' dir='ltr' id='par_1_14' title="bbox 132 2457 889 2617">
     <span class='ocr_line' id='line_1_27' title="bbox 132 2457 889 2539; baseline 0.008 -25"><span class='ocrx_word' id='word_1_180' title='bbox 132 2464 174 2515; x_wconf 91' lang='lat' dir='ltr'><strong>tot</strong></span> <span class='ocrx_word' id='word_1_181' title='bbox 193 2457 294 2535; x_wconf 93' lang='lat' dir='ltr'><strong>populi</strong></span> <span class='ocrx_word' id='word_1_182' title='bbox 316 2461 423 2520; x_wconf 90' lang='lat' dir='ltr'><strong>misere</strong></span> <span class='ocrx_word' id='word_1_183' title='bbox 441 2459 539 2527; x_wconf 89' lang='lat' dir='ltr'><strong>duces,</strong></span> <span class='ocrx_word' id='word_1_184' title='bbox 563 2476 618 2518; x_wconf 92' lang='lat' dir='ltr'><strong>nec</strong></span> <span class='ocrx_word' id='word_1_185' title='bbox 639 2476 728 2536; x_wconf 82' lang='lat' dir='ltr'><strong>parra</strong></span> <span class='ocrx_word' id='word_1_186' title='bbox 750 2470 889 2539; x_wconf 90' lang='lat' dir='ltr'><strong>sequetur</strong></span> 
     </span>
     <span class='ocr_line' id='line_1_28' title="bbox 132 2540 854 2617; baseline 0.004 -17"><span class='ocrx_word' id='word_1_187' title='bbox 132 2540 224 2617; x_wconf 82' lang='lat' dir='ltr'><strong>glorie</strong></span> <span class='ocrx_word' id='word_1_188' title='bbox 246 2541 375 2604; x_wconf 88' lang='lat' dir='ltr'><strong>delectos</strong></span> <span class='ocrx_word' id='word_1_189' title='bbox 394 2543 478 2601; x_wconf 80' lang='lat' dir='ltr'><strong>&#39;Latio</strong></span> <span class='ocrx_word' id='word_1_190' title='bbox 502 2549 530 2600; x_wconf 93' lang='lat' dir='ltr'><strong>et</strong></span> <span class='ocrx_word' id='word_1_191' title='bbox 550 2541 745 2600; x_wconf 87' lang='lat' dir='ltr'><strong>Laurentibus</strong></span> <span class='ocrx_word' id='word_1_192' title='bbox 767 2545 854 2617; x_wconf 81' lang='lat' dir='ltr'><strong>agris.</strong></span> 
     </span>
    </p>

    <p class='ocr_par' dir='ltr' id='par_1_15' title="bbox 132 2623 970 3041">
     <span class='ocr_line' id='line_1_29' title="bbox 132 2623 879 2701; baseline 0.001 -16"><span class='ocrx_word' id='word_1_193' title='bbox 132 2633 177 2685; x_wconf 89' lang='lat' dir='ltr'><strong>est</strong></span> <span class='ocrx_word' id='word_1_194' title='bbox 199 2635 227 2684; x_wconf 93' lang='lat' dir='ltr'><strong>et</strong></span> <span class='ocrx_word' id='word_1_195' title='bbox 249 2624 421 2685; x_wconf 86' lang='lat' dir='ltr'><strong>Volscorum</strong></span> <span class='ocrx_word' id='word_1_196' title='bbox 443 2626 560 2701; x_wconf 80' lang='lat' dir='ltr'><strong>egregia</strong></span> <span class='ocrx_word' id='word_1_197' title='bbox 583 2623 619 2682; x_wconf 91' lang='lat' dir='ltr'><strong>de</strong></span> <span class='ocrx_word' id='word_1_198' title='bbox 643 2630 728 2700; x_wconf 76' lang='lat' dir='ltr'><strong>gente</strong></span> <span class='ocrx_word' id='word_1_199' title='bbox 751 2624 879 2695; x_wconf 86' lang='lat' dir='ltr'><strong>Camilla,</strong></span> 
     </span>
     <span class='ocr_line' id='line_1_30' title="bbox 132 2706 955 2787; baseline 0.002 -18"><span class='ocrx_word' id='word_1_200' title='bbox 132 2727 237 2787; x_wconf 83' lang='lat' dir='ltr'><strong>agmen</strong></span> <span class='ocrx_word' id='word_1_201' title='bbox 259 2725 348 2784; x_wconf 80' lang='lat' dir='ltr'><strong>agens</strong></span> <span class='ocrx_word' id='word_1_202' title='bbox 370 2707 500 2784; x_wconf 89' lang='lat' dir='ltr'><strong>equitum</strong></span> <span class='ocrx_word' id='word_1_203' title='bbox 522 2716 550 2765; x_wconf 88' lang='lat' dir='ltr'><strong>et</strong></span> <span class='ocrx_word' id='word_1_204' title='bbox 572 2706 702 2765; x_wconf 91' lang='lat' dir='ltr'><strong>llorentis</strong></span> <span class='ocrx_word' id='word_1_205' title='bbox 724 2724 792 2768; x_wconf 87' lang='lat' dir='ltr'><strong>aere</strong></span> <span class='ocrx_word' id='word_1_206' title='bbox 815 2718 955 2771; x_wconf 83' lang='lat' dir='ltr'><strong>catervas.</strong></span> 
     </span>
     <span class='ocr_line' id='line_1_31' title="bbox 133 2788 947 2872; baseline 0.002 -21"><span class='ocrx_word' id='word_1_207' title='bbox 133 2792 212 2871; x_wconf 91' lang='lat' dir='ltr'><strong>quod</strong></span> <span class='ocrx_word' id='word_1_208' title='bbox 231 2792 321 2851; x_wconf 87' lang='lat' dir='ltr'><strong>sime</strong></span> <span class='ocrx_word' id='word_1_209' title='bbox 342 2789 438 2850; x_wconf 88' lang='lat' dir='ltr'><strong>solum</strong></span> <span class='ocrx_word' id='word_1_210' title='bbox 458 2788 566 2854; x_wconf 86' lang='lat' dir='ltr'><strong>Teucri</strong></span> <span class='ocrx_word' id='word_1_211' title='bbox 587 2790 618 2848; x_wconf 94' lang='lat' dir='ltr'><strong>ln</strong></span> <span class='ocrx_word' id='word_1_212' title='bbox 641 2791 800 2852; x_wconf 89' lang='lat' dir='ltr'><strong>certamina</strong></span> <span class='ocrx_word' id='word_1_213' title='bbox 820 2802 947 2872; x_wconf 89' lang='lat' dir='ltr'><strong>poscunt</strong></span> 
     </span>
     <span class='ocr_line' id='line_1_32' title="bbox 132 2873 970 2954; baseline 0.008 -19"><span class='ocrx_word' id='word_1_214' title='bbox 132 2876 220 2954; x_wconf 89' lang='lat' dir='ltr'><strong>idque</strong></span> <span class='ocrx_word' id='word_1_215' title='bbox 238 2873 333 2951; x_wconf 87' lang='lat' dir='ltr'><strong>placet</strong></span> <span class='ocrx_word' id='word_1_216' title='bbox 353 2879 524 2951; x_wconf 86' lang='lat' dir='ltr'><strong>tantumque</strong></span> <span class='ocrx_word' id='word_1_217' title='bbox 543 2873 628 2934; x_wconf 88' lang='lat' dir='ltr'><strong>bonis</strong></span> <span class='ocrx_word' id='word_1_218' title='bbox 650 2875 854 2940; x_wconf 85' lang='lat' dir='ltr'><strong>communibus</strong></span> <span class='ocrx_word' id='word_1_219' title='bbox 877 2876 970 2949; x_wconf 84' lang='lat' dir='ltr'><strong>obsto,</strong></span> 
     </span>
     <span class='ocr_line' id='line_1_33' title="bbox 132 2957 837 3041; baseline 0.009 -23"><span class='ocrx_word' id='word_1_220' title='bbox 132 2977 192 3018; x_wconf 95' lang='lat' dir='ltr'><strong>non</strong></span> <span class='ocrx_word' id='word_1_221' title='bbox 210 2958 283 3018; x_wconf 92' lang='lat' dir='ltr'><strong>adeo</strong></span> <span class='ocrx_word' id='word_1_222' title='bbox 304 2957 357 3017; x_wconf 90' lang='lat' dir='ltr'><strong>has</strong></span> <span class='ocrx_word' id='word_1_223' title='bbox 378 2973 465 3016; x_wconf 84' lang='lat' dir='ltr'><strong>exosa</strong></span> <span class='ocrx_word' id='word_1_224' title='bbox 485 2976 588 3020; x_wconf 87' lang='lat' dir='ltr'><strong>manus</strong></span> <span class='ocrx_word' id='word_1_225' title='bbox 608 2958 735 3021; x_wconf 86' lang='lat' dir='ltr'><strong>Victoria</strong></span> <span class='ocrx_word' id='word_1_226' title='bbox 756 2961 837 3041; x_wconf 77' lang='lat' dir='ltr'><strong>rugit,</strong></span> 
     </span>
    </p>

    <p class='ocr_par' dir='ltr' id='par_1_16' title="bbox 133 3043 968 3291">
     <span class='ocr_line' id='line_1_34' title="bbox 133 3043 914 3123; baseline 0.012 -23"><span class='ocrx_word' id='word_1_227' title='bbox 133 3051 166 3100; x_wconf 93' lang='lat' dir='ltr'><strong>ut</strong></span> <span class='ocrx_word' id='word_1_228' title='bbox 184 3050 264 3101; x_wconf 90' lang='lat' dir='ltr'><strong>tanta</strong></span> <span class='ocrx_word' id='word_1_229' title='bbox 284 3043 439 3119; x_wconf 91' lang='lat' dir='ltr'><strong>quicquam</strong></span> <span class='ocrx_word' id='word_1_230' title='bbox 461 3059 586 3122; x_wconf 82' lang='lat' dir='ltr'><strong>prospe</strong></span> <span class='ocrx_word' id='word_1_231' title='bbox 607 3052 750 3123; x_wconf 86' lang='lat' dir='ltr'><strong>temptare</strong></span> <span class='ocrx_word' id='word_1_232' title='bbox 769 3064 914 3109; x_wconf 81' lang='lat' dir='ltr'><strong>recusem.</strong></span> 
     </span>
     <span class='ocr_line' id='line_1_35' title="bbox 133 3123 968 3207; baseline 0.01 -25"><span class='ocrx_word' id='word_1_233' title='bbox 133 3123 182 3182; x_wconf 90' lang='lat' dir='ltr'><strong>ibo</strong></span> <span class='ocrx_word' id='word_1_234' title='bbox 204 3125 306 3184; x_wconf 87' lang='lat' dir='ltr'><strong>animis</strong></span> <span class='ocrx_word' id='word_1_235' title='bbox 325 3133 435 3195; x_wconf 87' lang='lat' dir='ltr'><strong>contra,</strong></span> <span class='ocrx_word' id='word_1_236' title='bbox 458 3125 502 3186; x_wconf 84' lang='lat' dir='ltr'><strong>vel</strong></span> <span class='ocrx_word' id='word_1_237' title='bbox 520 3145 659 3204; x_wconf 75' lang='lat' dir='ltr'><strong>magnum</strong></span> <span class='ocrx_word' id='word_1_238' title='bbox 682 3139 809 3207; x_wconf 86' lang='lat' dir='ltr'><strong>praestet</strong></span> <span class='ocrx_word' id='word_1_239' title='bbox 827 3128 968 3192; x_wconf 75' lang='lat' dir='ltr'><strong>Achillem</strong></span> 
     </span>
     <span class='ocr_line' id='line_1_36' title="bbox 133 3206 884 3291; baseline 0.012 -26"><span class='ocrx_word' id='word_1_240' title='bbox 133 3207 267 3284; x_wconf 86' lang='lat' dir='ltr'><strong>iactaque</strong></span> <span class='ocrx_word' id='word_1_241' title='bbox 288 3206 406 3268; x_wconf 78' lang='lat' dir='ltr'><strong>Volcani</strong></span> <span class='ocrx_word' id='word_1_242' title='bbox 427 3211 561 3272; x_wconf 87' lang='lat' dir='ltr'><strong>manibus</strong></span> <span class='ocrx_word' id='word_1_243' title='bbox 582 3213 664 3291; x_wconf 81' lang='lat' dir='ltr'><strong>paria</strong></span> <span class='ocrx_word' id='word_1_244' title='bbox 684 3213 785 3274; x_wconf 85' lang='lat' dir='ltr'><strong>induat</strong></span> <span class='ocrx_word' id='word_1_245' title='bbox 803 3231 884 3274; x_wconf 88' lang='lat' dir='ltr'><strong>arma</strong></span> 
     </span>
    </p>

    <p class='ocr_par' dir='ltr' id='par_1_17' title="bbox 133 3287 954 3532">
     <span class='ocr_line' id='line_1_37' title="bbox 133 3287 944 3374; baseline 0.009 -27"><span class='ocrx_word' id='word_1_246' title='bbox 133 3287 181 3348; x_wconf 90' lang='lat' dir='ltr'><strong>ille</strong></span> <span class='ocrx_word' id='word_1_247' title='bbox 199 3288 275 3350; x_wconf 89' lang='lat' dir='ltr'><strong>licet.</strong></span> <span class='ocrx_word' id='word_1_248' title='bbox 310 3292 390 3354; x_wconf 81' lang='lat' dir='ltr'><strong>vohis</strong></span> <span class='ocrx_word' id='word_1_249' title='bbox 412 3295 537 3355; x_wconf 89' lang='lat' dir='ltr'><strong>animam</strong></span> <span class='ocrx_word' id='word_1_250' title='bbox 559 3295 635 3356; x_wconf 89' lang='lat' dir='ltr'><strong>hanc</strong></span> <span class='ocrx_word' id='word_1_251' title='bbox 657 3312 821 3374; x_wconf 88' lang='lat' dir='ltr'><strong>soceroque</strong></span> <span class='ocrx_word' id='word_1_252' title='bbox 842 3295 944 3356; x_wconf 86' lang='lat' dir='ltr'><strong>Latino</strong></span> 
     </span>
     <span class='ocr_line' id='line_1_38' title="bbox 134 3372 954 3454; baseline 0.012 -22"><span class='ocrx_word' id='word_1_253' title='bbox 134 3372 251 3435; x_wconf 86' lang='lat' dir='ltr'><strong>Turnus</strong></span> <span class='ocrx_word' id='word_1_254' title='bbox 275 3393 339 3454; x_wconf 82' lang='lat' dir='ltr'><strong>ego,</strong></span> <span class='ocrx_word' id='word_1_255' title='bbox 360 3377 431 3438; x_wconf 88' lang='lat' dir='ltr'><strong>haut</strong></span> <span class='ocrx_word' id='word_1_256' title='bbox 452 3377 504 3438; x_wconf 95' lang='lat' dir='ltr'><strong>ulli</strong></span> <span class='ocrx_word' id='word_1_257' title='bbox 524 3387 654 3440; x_wconf 87' lang='lat' dir='ltr'><strong>veterum</strong></span> <span class='ocrx_word' id='word_1_258' title='bbox 672 3379 778 3439; x_wconf 79' lang='lat' dir='ltr'><strong>virtute</strong></span> <span class='ocrx_word' id='word_1_259' title='bbox 799 3377 954 3442; x_wconf 85' lang='lat' dir='ltr'><strong>secundus.</strong></span> 
     </span>
     <span class='ocr_line' id='line_1_39' title="bbox 135 3458 917 3532; baseline 0.004 -13"><span class='ocrx_word' id='word_1_260' title='bbox 135 3458 245 3519; x_wconf 88' lang='lat' dir='ltr'><strong>devovi.</strong></span> <span class='ocrx_word' id='word_1_261' title='bbox 279 3458 401 3521; x_wconf 85' lang='lat' dir='ltr'><strong>“solum</strong></span> <span class='ocrx_word' id='word_1_262' title='bbox 418 3463 531 3522; x_wconf 74' lang='lat' dir='ltr'><strong>Aeneas</strong></span> <span class='ocrx_word' id='word_1_263' title='bbox 555 3461 677 3522; x_wconf 82' lang='lat' dir='ltr'><strong>voeat&#39;’:</strong></span> <span class='ocrx_word' id='word_1_264' title='bbox 700 3469 729 3522; x_wconf 90' lang='lat' dir='ltr'><strong>et</strong></span> <span class='ocrx_word' id='word_1_265' title='bbox 750 3480 833 3524; x_wconf 81' lang='lat' dir='ltr'><strong>vocet</strong></span> <span class='ocrx_word' id='word_1_266' title='bbox 854 3481 917 3532; x_wconf 84' lang='lat' dir='ltr'><strong>oro,</strong></span> 
     </span>
    </p>
   </div>
   <div class='ocr_carea' id='block_1_5' title="bbox 0 0 1210 3878">
    <p class='ocr_par' dir='ltr' id='par_1_18' title="bbox 0 0 1210 3878">
     <span class='ocr_line' id='line_1_40' title="bbox 0 0 1210 3878; baseline 0 0"><span class='ocrx_word' id='word_1_267' title='bbox 0 0 1210 3878; x_wconf 95' lang='lat' dir='ltr'><strong> </strong></span> 
     </span>
    </p>
   </div>
  </div>
 </body>
</html>
