2400 3878
342 226 484 273 venarer
507 225 709 274 oaonsrcon
730 227 785 274 1111
1007 187 1008 190 Ἴ
1031 216 1070 274 77

62 380 199 441 continuo
223 388 267 439 est
288 381 383 458 aegris
405 380 477 441 alius
499 379 594 449 color;
616 381 735 441 horrida
757 380 866 441 voltum

62 463 206 523 deformat
227 463 349 531 macies;
371 471 433 525 tum
457 481 580 542 corpora
602 464 667 525 luce
689 472 839 525 carentum
1020 474 1070 527 255

62 553 215 623 exportant
238 548 321 607 tectis
343 553 372 606 et
392 548 485 607 tristia
507 548 609 608 lunera
632 548 754 616 ducunt;

62 639 112 690 aut
133 629 198 689 illae
219 628 345 707 pedibus
368 648 495 691 conexae
516 631 553 692 ad
574 631 671 691 limina
694 631 832 709 pendent,

62 719 112 772 aut
133 714 210 772 intus
233 713 337 774 clausis
360 722 533 775 cunctantur
554 715 582 774 in
605 715 740 786 aedibus,
763 732 865 775 omnes

62 797 239 874 ignavaeque
261 798 337 857 lame
360 805 388 858 et
411 806 559 859 contracto
582 799 690 876 frigore
711 800 820 876 pigrae.

61 889 123 939 tum
146 898 235 941 sonus
257 881 374 941 auditur
395 883 525 960 gravior,
548 883 722 960 tractimque
744 888 906 950 susurrant,

62 962 185 1040 frigidus
206 973 239 1024 ut
260 965 407 1043 quondam
429 964 506 1025 silvis
527 967 723 1026 inmurmurat
744 972 850 1032 auster,

62 1055 94 1106 ut
116 1065 197 1107 mare
219 1046 372 1108 sollicitum
395 1048 491 1108 stridit
511 1047 701 1110 refluentibus
723 1049 818 1118 undis,

62 1137 173 1190 aestuat
195 1139 227 1191 ut
249 1131 352 1193 clausis
374 1132 493 1210 rapidus
515 1133 682 1193 fornacibus
704 1133 778 1210 ignis
796 1168 837 1175 —

63 1213 111 1274 hic
131 1216 187 1273 iam
209 1214 366 1293 galbaneos
388 1215 517 1276 suadebo
539 1217 696 1277 incendere
718 1215 823 1277 odores

62 1296 206 1374 mellaque
228 1298 416 1358 harundineis
437 1299 546 1360 inferre
568 1298 732 1368 canalibus,
755 1298 832 1359 ultro

62 1381 228 1440 hortantem
250 1389 279 1441 et
300 1382 390 1442 fessas
413 1383 448 1441 ad
471 1381 577 1458 pabula
597 1390 666 1442 nota
687 1391 848 1442 vocantem.

62 1463 194 1542 proderit
215 1471 245 1523 et
265 1472 383 1524 tunsum
406 1463 497 1541 gallae
519 1465 681 1526 admiscere
703 1481 837 1541 saporem

62 1547 229 1624 mentisque
250 1564 332 1606 rosas
355 1554 404 1607 aut
425 1547 484 1621 igni
505 1549 622 1624 pinguia
645 1545 736 1607 multo

62 1630 179 1690 defruta
200 1628 244 1690 vel
266 1630 371 1708 psithia
393 1647 495 1707 passos
517 1629 553 1689 de
575 1631 631 1690 vite
652 1648 785 1691 racemos

63 1714 294 1791 Cecropiumque
315 1713 446 1793 thymum
470 1719 497 1773 et
519 1712 732 1791 grave-olentia
756 1721 921 1774 centaurea.

63 1806 107 1856 est
129 1797 214 1857 etiam
235 1797 290 1857 llos
311 1798 342 1856 in
362 1799 470 1874 pratis,
494 1798 540 1856 cui
562 1815 668 1858 nomen
691 1796 795 1857 amello

62 1882 159 1941 iecere
181 1878 341 1959 agricolae,
365 1880 456 1941 facilis
480 1880 686 1958 quaerentibus
708 1879 814 1950 herba;

62 1982 188 2041 namque
210 1982 269 2025 uno
291 1965 438 2042 ingentem
459 1962 532 2023 tollit
554 1964 591 2024 de
613 1965 739 2043 caespite
762 1963 870 2033 silvam,

62 2065 170 2107 aureus
190 2048 267 2125 ipse,
290 2047 342 2108 sed
364 2049 393 2107 in
415 2045 506 2114 loliis,
530 2066 604 2124 quae
625 2048 750 2126 plurima
771 2050 883 2107 circum

63 2129 239 2200 funduntur,
262 2130 355 2191 violae
376 2130 510 2192 sublucet
531 2149 661 2209 purpura
683 2131 799 2208 nigrae;

65 2216 168 2297 [saepe
190 2216 278 2277 deum
314 2215 396 2275 nexis
418 2221 537 2275 ornatae
556 2213 711 2293 torquibus
732 2213 813 2294 arae]

64 2314 150 2372 asper
171 2298 200 2356 in
223 2314 275 2357 ore
296 2316 398 2376 sapor;
420 2299 514 2357 tonsis
534 2299 564 2357 in
586 2296 709 2358 vallibus
730 2296 812 2358 illum

63 2385 196 2458 pastores
218 2387 246 2439 et
267 2398 355 2440 curva
377 2379 478 2458 legunt
498 2397 592 2460 prope
612 2379 731 2440 flumina
753 2379 863 2440 Mellae.

63 2461 151 2522 huius
173 2461 294 2521 odorato
315 2464 429 2523 radices
450 2464 574 2539 incoque
600 2462 720 2531 baccho,

63 2543 229 2623 pabulaque
250 2544 415 2605 inferibus
436 2544 530 2622 plenis
552 2545 665 2619 adpone
687 2546 828 2603 canistris.

107 2628 164 2688 Sed
187 2629 299 2704 siquem
321 2627 420 2705 proles
441 2626 537 2687 subito
560 2625 699 2685 defecerit
721 2628 823 2694 omnis,

64 2730 132 2781 nec,
156 2729 248 2789 genus
270 2711 349 2771 unde
370 2728 461 2770 novae
483 2709 580 2786 stirpis
602 2715 771 2778 revocetur,
793 2709 920 2777 habehit,

64 2804 179 2874 tempus
202 2800 231 2855 et
252 2794 368 2855 Arcadii
389 2793 578 2854 memoranda
599 2792 715 2852 inventa
737 2793 867 2871 magistri

63 2881 209 2958 pandere,
232 2896 349 2957 quoque
371 2877 459 2938 modo
482 2877 573 2938 caesis
587 2875 645 2935 iam
667 2893 753 2956 saepe
775 2877 903 2936 iuvencis

64 2965 226 3023 insincerus
248 2980 317 3040 apes
339 2960 437 3022 tulerit
460 2979 556 3022 cruor.
601 2959 685 3020 altius
707 2977 823 3020 omnem

65 3046 215 3124 expediam
237 3047 332 3123 prima
354 3052 490 3123 repetens
511 3043 548 3104 ab
571 3043 683 3119 origine
705 3043 820 3103 lamam.

64 3148 130 3190 nam
154 3147 210 3207 qua
232 3128 338 3190 Pellaei
360 3146 433 3206 gens
454 3129 599 3189 fortunata
620 3127 728 3203 Canopi

65 3212 167 3273 accolit
189 3212 280 3271 ellnso
303 3220 483 3289 stagnantem
506 3212 625 3271 ssumine
646 3209 741 3269 Nilum

65 3303 94 3356 et
117 3298 227 3356 circum
247 3295 332 3371 pictis
352 3295 467 3355 vehitur
489 3312 540 3354 sua
562 3311 632 3354 rura
654 3292 789 3369 phaselis,

68 3389 112 3465 [et
133 3387 257 3446 viridem
279 3389 441 3466 Aegyptum
464 3387 548 3463 nigra
571 3384 711 3446 fecundat
732 3385 851 3453 harena,

67 3480 97 3531 et
119 3472 232 3531 diversa
255 3489 346 3531 ruens
368 3477 481 3548 septem
505 3469 642 3528 discurrit
663 3471 693 3528 in
716 3487 766 3529 ora
