2400 3878
158 208 192 256 vl
442 204 490 251 me
513 205 595 261 VITA
617 204 660 252 ΕΤ
683 203 836 254 scutrum

155 367 230 421 tione
249 365 350 438 scripto
367 363 481 437 quodam
496 365 701 427 commentario,
724 380 778 437 quo
799 365 822 420 is
837 365 959 438 aenigma
974 365 1025 423 ecl,
1046 364 1080 421 lll
1097 367 1157 425 106

154 449 324 522 propositum
335 449 394 522 ipso
405 447 513 503 Marone
525 453 634 502 auctore
640 446 810 520 explicaverit
822 445 892 519 (ride
903 448 1029 522 prolegg.
1037 467 1065 522 p.
1074 449 1148 523 97sq

155 539 183 588 et
197 531 230 587 Η.
246 530 387 605 Hagenum
401 530 434 586 ad
449 529 544 587 scholi.
561 529 639 586 Bern.
655 530 821 602 praefantem
835 548 863 605 p.
881 531 940 591 712
952 531 1015 604 sq).

238 613 276 669 111
291 615 388 670 ceteris
402 621 499 688 poetae
516 611 669 685 aequalibus
685 612 713 669 C.
730 612 840 669 lulius
855 613 1026 687 Hyginus,
1042 616 1158 689 Augusti

155 695 282 759 libertus,
300 699 346 771 qui
360 697 455 753 doctos
471 693 679 768 ‘inVergilium'
695 693 829 767 (Gelliusl
845 696 896 767 21)
911 698 953 754 rel
968 695 1015 753 ‘dc
1026 699 1156 771 Vergilio'

155 778 421 852 (1111111116,14)
442 780 647 835 commentarios
667 779 745 842 lecit.
767 780 898 854 numquid
918 780 952 836 de
972 783 1024 836 vita
1048 798 1157 856 quoque

155 864 309 938 exposuerit
320 864 463 926 nescimus,
474 863 526 918 nisi
534 862 605 918 iorte
616 862 687 918 illam
699 862 732 919 de
743 861 825 919 Nolae
836 864 964 920 memoria
975 865 1003 919 in
1014 864 1157 938 3111225

156 945 307 1002 oblitterata
328 945 452 1003 tabellam
466 945 498 1001 ad
519 946 576 1001 eius
596 947 781 1002 auctoritatem
801 944 975 1020 probabiliter
993 947 1158 1006 rettulerunt

155 1029 278 1085 homines
293 1028 366 1086 docti
381 1028 451 1102 (vide
466 1028 591 1102 prolegg.
610 1028 671 1086 120
684 1027 748 1101 sq).

237 1111 417 1186 interpretum
437 1114 539 1185 primus
561 1118 690 1184 quantum
713 1113 812 1167 scimus
833 1110 905 1184 (nam
928 1112 961 1168 de
984 1113 1105 1170 Cornuto
1131 1123 1159 1171 11

154 1195 241 1268 Aspro
262 1195 388 1251 traditum
409 1195 475 1250 nibil
497 1193 549 1267 est)
570 1194 604 1249 ll.
621 1194 778 1250 Valerius
798 1193 931 1250 Probus
953 1198 1034 1252 vitam
1047 1198 1159 1271 Vergilii

156 1281 279 1351 quamvis
296 1278 414 1334 breviter
434 1279 463 1333 in
483 1278 697 1351 hypomnematis
717 1279 862 1340 enarravit,
888 1277 959 1333 unde
979 1277 1011 1334 ab
1031 1281 1159 1353 imperito

155 1362 263 1419 homine
283 1361 324 1418 vel
350 1363 442 1436 potius
467 1360 558 1434 plures
584 1359 710 1434 deinceps
736 1377 785 1434 per
804 1376 898 1416 manus
918 1361 1163 1435 neglegentissime-

155 1453 281 1519 excerpta
301 1444 408 1502 videtur
430 1459 490 1500 esse
511 1459 582 1516 quae
598 1461 670 1500 nunc
691 1442 1056 1501 ε111111111111111.1111111
1078 1446 1159 1502 Probi

155 1527 277 1585 sublata'
303 1528 491 1586 circumfertur
516 1529 612 1606 misere
636 1528 760 1583 mutilata
781 1526 829 1584 illa
851 1526 972 1599 quidem,
999 1543 1053 1584 nno
1078 1531 1158 1587 etiam

155 1626 246 1667 errore
267 1613 422 1686 turpissimo
442 1613 579 1685 inquinata
587 1605 623 1683 ¹).
645 1611 693 1666 sed
713 1616 825 1685 excepto
841 1611 887 1684 qui
907 1613 1031 1667 entremis
1047 1611 1160 1669 adsutus

155 1701 199 1749 est
224 1709 313 1768 panno
339 1695 373 1750 de
402 1691 504 1750 ‘Servii
529 1693 628 1748 llauri'
658 1695 848 1766 epigrammate
877 1691 921 1764 (ci.
951 1693 1159 1752 Reifferscbeldii

155 1784 271 1848 qnaestt.
288 1777 420 1832 Suetonn.
436 1793 463 1849 p.
477 1774 548 1848 398)
563 1774 932 1848 interpolamentisvanisque
947 1775 1050 1833 labellis
1065 1777 1157 1844 bbere

155 1876 314 1933 quamquem
334 1858 478 1914 uirtutibus
499 1859 614 1932 propriis
636 1856 756 1931 praedita
769 1873 855 1931 prope
869 1857 961 1913 nullis.
992 1876 1042 1916 nec
1055 1860 1159 1921 bucoli-

154 1959 206 1998 con
226 1943 421 2017 prolegomona
436 1958 507 2014 quse
519 1948 649 1997 secuntur
664 1940 758 1997 eodem
781 1942 889 1999 nomine
909 1941 1025 1998 illustria
1039 1947 1158 2018 quamvls

155 2025 303 2082 manifestis
324 2027 443 2081 inscitiae
463 2040 526 2080 vere
545 2023 672 2080 barbarae
686 2024 796 2080 macubs
816 2024 958 2098 deturpata
971 2025 1038 2082 nibil
1058 2027 1159 2085 babent

157 2108 231 2181 quod
247 2109 279 2164 ad
294 2109 395 2182 Berytii
409 2109 596 2164 auctoritatem
611 2103 784 2181 probabiliter
799 2109 886 2183 possit
900 2108 1004 2164 reterri.

215 2190 321 2248 ·Probi
348 2207 380 2248 11
406 2192 597 2248 commentario
624 2191 703 2247 etiam
722 2198 788 2247 tunc
816 2193 922 2265 integro
948 2193 1099 2266 ceterisque
1125 2209 1159 2250 ex

155 2273 285 2338 lontibus,
301 2275 414 2331 maxime
427 2281 516 2330 autem
531 2276 558 2330 ni
574 2274 653 2330 lellor
667 2290 699 2330 11
711 2275 819 2330 1111111
831 2273 903 2331 libro
918 2273 1113 2331 Suetonius
1123 2278 1159 2334 ds

154 2361 224 2415 viris
237 2359 398 2416 illustribus
412 2357 533 2414 scribens
547 2360 627 2413 vitam
642 2358 752 2431 Vergilii
766 2359 942 2421 concinnavit,
958 2374 1035 2432 quam
1050 2359 1159 2416 1111111

154 2447 251 2514 quarto
262 2441 350 2499 medio
361 2442 479 2498 Aelius
490 2441 641 2497 bonatus
653 2439 740 2498 obiter
750 2448 942 2498 retractatam-a
952 2436 1011 2514 se²)
1023 2459 1159 2499 commen·

156 2526 223 2582 tario
239 2542 289 2582 suo
311 2526 481 2600 praeposuit,
504 2541 558 2598 quo
579 2524 680 2580 iactum
700 2531 744 2580 est
761 2531 792 2580 ut
810 2523 897 2581 bonae
917 2525 1005 2600 frugis
1025 2525 1104 2600 plena
1124 2525 1159 2582 de

158 2608 275 2683 Vergilio
296 2610 424 2666 memoria
443 2607 521 2665 nobis
536 2624 646 2683 quoque
660 2616 764 2665 serrata
784 2610 828 2665 111.
866 2625 944 2682 quam
958 2611 1070 2665 resectis
1085 2608 1159 2665 111111-

154 2694 281 2749 tamentis
297 2708 366 2766 quae
380 2709 412 2748 11
432 2691 517 2748 Servii
538 2694 728 2749 commentario
753 2693 838 2765 petita
857 2699 921 2748 sunt
946 2700 973 2757 11
997 2692 1081 2749 medii-
1102 2695 1163 2749 aeri

153 2775 276 2847 ineptiis,
299 2790 367 2848 quae
383 2770 410 2831 in¹
425 2777 536 2832 noviciis
551 2769 775 2847 exemplaribus³)
796 2776 916 2847 genuino
942 2776 1026 2830 testui
1049 2791 1161 2849 aspersa

153 2911 353 2922 nn·—

221 2983 241 3049 ¹)
261 2985 303 3036 ct.
313 2985 471 3037 Alexander
479 2988 562 3039 Riese
572 2985 618 3037 ‘de
628 2986 821 3037 commentario
830 2985 988 3052 Vergiliano
998 2987 1046 3051 qui
1056 2989 1094 3039 M.
1103 2989 1159 3039 Ve-

154 3050 216 3101 lerii
233 3053 318 3103 Probi
335 3054 442 3102 nomine
460 3053 668 3104 circumfertur’
691 3068 718 3117 p.
737 3053 770 3102 24
787 3067 911 3117 quaeque
934 3054 995 3117 ipse
1012 3050 1160 3106 11211111-

155 3119 242 3167 eiseni
260 3120 407 3170 annalibus
425 3118 530 3186 pbiloll.
548 3136 573 3171 a.
592 3120 658 3171 1858
675 3119 768 3185 patr
787 3132 844 3183 sqq.
863 3119 1011 3185 disputavi.

219 3184 241 3249 ²)
261 3185 303 3235 Oi.
321 3187 566 3238 Reifferscheidius
581 3190 700 3252 qnaestt.
718 3185 848 3237 Suetonn.
865 3188 928 3251 tol,
950 3186 999 3238 oui
1012 3187 1159 3243 oblocutus

152 3251 262 3302 Riesius
279 3252 297 3302 l.
315 3253 333 3302 l.
355 3268 429 3303 mere
451 3255 599 3319 repetitum
620 3268 636 3303 a
657 3253 768 3304 Donato
790 3251 915 3303 Suetonii
936 3256 1159 3306 commentarium

153 3332 214 3368 esse
232 3335 287 3370 non
304 3320 503 3384 contendisset,
520 3321 547 3371 si
562 3320 720 3370 accuratius
731 3320 816 3371 verbe
833 3320 907 3371 illius
923 3319 1156 3386 perlustravisset.

219 3382 553 3449 8)11Β111111111(1111
580 3388 630 3440 527
653 3386 975 3445 11111111ΧΝ-Χ1111
996 3389 1026 3440 in
1047 3390 1157 3441 excusis

152 3450 243 3502 libris:
260 3452 325 3504 vide
342 3454 488 3518 Hagenum
505 3454 524 3505 l.
543 3455 562 3506 l.
580 3468 607 3519 p.
625 3455 682 3507 680.
