2400 3878
348 227 491 274 vuaemr
512 227 714 275 eucnemon
730 228 769 272 111
1022 215 1062 276 6³

59 390 225 441 currentem
247 380 341 458 ilignis
355 388 457 458 potare
479 380 627 441 canalibus
648 380 772 449 undam;
1012 392 1063 446 3³0

60 463 187 525 aestibus
208 473 237 523 at
258 463 360 523 mediis
382 464 551 524 umbrosam
571 465 725 542 exquirere
746 462 858 533 vallem,

61 547 153 608 sicubi
175 564 279 623 magna
301 547 375 606 lovis
397 549 515 625 antiquo
537 547 646 607 robore
670 565 795 624 quercus

60 631 184 707 ingentis
205 631 304 691 tendat
323 648 436 700 ramos,
459 641 508 691 aut
530 630 622 692 sicubi
643 631 761 707 nigrum

59 713 173 774 ilicibus
194 714 305 774 crebris
326 732 408 774 sacra
431 732 534 776 nemus
556 714 678 776 accubet
699 714 819 782 umhra;

58 805 120 858 tum
141 799 235 858 tenuis
256 798 327 858 dare
348 816 451 858 rursus
473 815 576 877 aquas,
600 807 629 858 et
649 815 771 874 pascere
791 814 895 858 rursus
1011 808 1062 862 335

59 879 127 940 solis
149 882 184 941 ad
207 900 357 952 occasum,
381 899 448 942 cum
470 882 591 959 frigidus
613 887 681 942 aera
703 898 807 958 vesper

58 973 215 1041 temperat,
238 975 267 1026 et
288 964 377 1026 saltus
398 966 493 1025 reiicit
513 967 571 1025 iam
592 965 707 1026 roscida
729 964 807 1034 luna,

58 1047 200 1126 litoraque
223 1049 372 1127 alcyonem
393 1060 547 1119 resonant,
570 1048 751 1109 acalanthida
773 1049 861 1110 dumi.

100 1131 174 1201 Quid
197 1132 248 1192 tibi
269 1141 401 1208 pastores
422 1132 545 1211 Libyae,
569 1133 638 1211 quid
659 1150 767 1209 pascua
789 1150 875 1193 versu

57 1233 219 1294 prosequar
241 1225 269 1276 et
289 1218 364 1276 raris
385 1216 511 1276 habitata
533 1216 655 1293 mapalia
677 1216 779 1276 tectis?
1011 1224 1063 1279 340

59 1317 146 1377 saepe
167 1300 242 1359 diem
264 1309 439 1378 noctemque
461 1310 489 1360 et
509 1307 603 1360 totum
625 1319 661 1360 ex
683 1301 784 1360 ordine
806 1317 936 1360 mensem

59 1383 187 1460 pascitur
208 1383 288 1460 itque
309 1401 398 1459 pecus
419 1382 505 1460 longa
526 1385 556 1442 in
579 1384 693 1444 deserta
715 1385 778 1443 sine
799 1381 865 1443 ullis

60 1465 206 1543 hospitiis:
229 1473 340 1526 tantum
362 1468 456 1542 campi
477 1467 560 1526 iacet.
603 1467 699 1525 omnia
720 1483 820 1526 secum

60 1549 252 1610 armentarius
273 1549 342 1609 hier
364 1550 436 1626 agit,
459 1556 626 1626 tectumque
646 1548 796 1631 laremque

60 1651 199 1711 armaque
213 1631 457 1710 Amyclaeumque
475 1650 577 1692 canem
599 1632 789 1708 Cressamque
809 1632 991 1709 pharetram:
1011 1643 1062 1698 345

58 1735 117 1777 non
137 1734 221 1777 secus
243 1735 277 1776 ac
299 1716 398 1793 patriis
420 1733 487 1776 acer
508 1715 657 1776 Romanus
678 1717 708 1774 in
730 1716 817 1775 armis

58 1801 164 1860 iniusto
186 1797 239 1859 sub
263 1800 340 1859 fasce
363 1801 436 1858 viam
459 1817 547 1877 quom
571 1801 676 1876 carpit,
700 1807 728 1859 et
749 1799 826 1859 hosti

58 1890 124 1944 ante
147 1892 329 1960 expectatum
351 1884 451 1960 positis
473 1890 530 1942 stat
550 1884 580 1942 iu
602 1884 716 1959 agmina
739 1884 850 1943 castris.

99 1969 136 2026 At
156 1985 214 2026 nou
237 1985 293 2043 qua
316 1966 449 2045 Scythiae
472 1975 573 2044 gentes
594 1967 774 2045 Maeotiaque
796 1969 882 2033 unda,

59 2050 191 2111 turbidus
214 2059 242 2110 et
263 2058 402 2129 torquens
424 2051 553 2110 flaventis
569 2050 671 2133 ¹llister
693 2051 826 2120 harenas,
1010 2061 1062 2114 350

58 2152 172 2212 quaque
193 2135 269 2193 redit
290 2135 419 2194 medium
440 2134 584 2211 Rhodope
605 2139 741 2212 porrecta
764 2133 819 2195 sub
841 2153 934 2194 axem.

56 2217 114 2277 illic
136 2217 232 2278 clausa
255 2226 355 2278 tenent
376 2216 496 2277 stabulis
519 2229 665 2288 armenta,
688 2236 784 2296 neque
806 2217 882 2278 ullae

57 2309 106 2360 aut
128 2301 237 2361 herbae
259 2319 361 2378 campo
385 2312 526 2378 apparent
548 2309 597 2360 aut
618 2301 724 2362 arbore
746 2302 879 2369 frondem

57 2385 108 2444 sed
122 2385 196 2444 iacet
217 2383 373 2462 aggeribus
394 2386 484 2445 niveis
506 2385 639 2445 iniormis
655 2394 683 2445 et
704 2385 761 2445 alto

58 2475 135 2527 terra
157 2467 224 2542 gelu
245 2466 316 2535 late,
340 2477 510 2544 septemque
532 2468 662 2545 adsurgit
682 2469 712 2526 in
734 2467 826 2527 ulnas.
1011 2476 1062 2529 ³55

58 2568 173 2627 semper
195 2551 322 2626 hiemps,
345 2567 461 2625 semper
482 2550 626 2625 spirantes
647 2549 756 2624 frigora
778 2553 867 2609 cauri.

57 2642 118 2693 tum
141 2631 184 2692 sol
206 2631 338 2709 pallentis
359 2631 431 2691 haut
452 2651 590 2708 umquam
612 2633 728 2692 discutit
749 2632 876 2701 umbras,

57 2734 111 2776 ner
135 2734 202 2777 cum
224 2718 353 2774 invectus
376 2715 458 2793 equis
479 2714 569 2775 altum
591 2717 663 2793 petit
684 2715 820 2783 aethera,
851 2735 905 2777 nec
928 2735 993 2777 cum

58 2801 246 2878 praecipitem
268 2798 375 2859 Oceani
396 2798 489 2859 rubro
510 2798 578 2859 lavit
599 2818 727 2878 aequore
749 2818 878 2861 currum.

56 2893 249 2945 concrescunt
270 2882 382 2943 subitae
397 2885 526 2944 currenti
547 2884 576 2943 in
598 2884 718 2944 flumine
740 2892 864 2953 crustae,
1011 2895 1062 2949 ado

57 2968 193 3045 undaque
214 2969 271 3028 iam
294 2975 376 3044 tergo
399 2968 524 3028 ferratos
545 2971 668 3029 sustinet
689 2969 777 3038 orbis,

56 3051 202 3129 puppibus
223 3049 271 3110 illa
293 3053 389 3127 prius,
412 3050 517 3128 patulis
538 3070 616 3113 nuuc
638 3053 751 3130 hospita
773 3053 924 3130 plaustris;

56 3152 182 3212 aeraque
204 3133 347 3194 dissiliunt
368 3135 469 3212 volgo,
493 3148 644 3214 vestesque
666 3137 815 3212 rigescunt

56 3218 186 3286 indutae,
211 3215 393 3296 caeduntque
415 3218 567 3278 securibus
590 3220 686 3279 umida
707 3222 781 3288 vina,

57 3309 85 3360 et
107 3307 184 3360 totae
206 3300 327 3360 solidam
349 3303 378 3360 ln
401 3302 522 3378 glaciem
546 3310 659 3362 vertere
681 3302 813 3370 lucunae,
1010 3313 1061 3367 365

56 3384 194 3462 stiriaque
215 3384 327 3462 inpexis
348 3385 478 3445 induruit
499 3385 618 3445 horrida
640 3385 748 3445 barbis.

56 3467 167 3525 interea
188 3473 249 3525 toto
271 3484 330 3525 non
352 3471 441 3528 setius
463 3473 533 3528 aere
555 3469 680 3544 ninguit:
