2400 3878
428 226 711 276 inhumanatus
733 229 745 274 1

85 401 138 461 per
159 391 285 453 terram,
307 390 336 444 et
354 400 436 444 versa
458 380 553 460 pulvis
573 380 742 442 inscribitur
763 381 854 442 hasta.

85 475 130 527 ter
151 467 263 526 circum
285 464 387 526 Iliacos
405 472 570 543 raptaverat
592 464 718 526 Hectora
740 483 840 525 mimos

86 550 310 627 exanimumque
331 567 402 610 auro
423 566 531 627 corpus
549 547 691 609 vendebat
712 547 845 609 Achilles.

86 639 147 692 tum
165 649 234 693 vero
256 634 404 711 ingentem
421 633 562 708 gemitum
584 632 633 692 dat
654 639 774 710 pectore
796 631 832 692 ab
855 634 927 703 imo,

85 723 117 775 ut
135 713 241 792 spolia,
262 722 295 776 ut
316 733 435 786 currus,
463 723 553 793 utque
573 717 668 794 ipsum
689 733 797 793 eorpus
819 718 904 777 amici

85 798 310 878 tendentemque
331 815 435 859 manus
456 798 604 860 Priamum
627 801 776 877 conspexit
793 801 921 861 inermis.

85 899 116 941 se
139 899 256 960 quoque
277 881 458 960 principibus
479 884 656 960 permixtum
676 884 813 960 adgnovit
833 884 962 954 Achivis,

85 982 211 1044 eoasque
233 967 310 1026 acies
329 972 358 1027 et
379 967 456 1042 nigri
477 966 639 1027 Memnonis
661 984 751 1028 arma.

90 1047 169 1108 ducit
190 1048 400 1110 Amazonidum
419 1047 525 1110 lunatis
546 1051 661 1128 agmina
683 1049 767 1128 peltis

84 1130 270 1194 Penthesilea
291 1131 394 1193 furens
416 1132 577 1211 mediisque
600 1134 630 1192 in
651 1133 769 1194 milibus
791 1133 889 1202 ardet,

84 1232 172 1275 aurea
194 1215 370 1278 subnectens
392 1224 509 1277 exertae
531 1215 646 1294 cingula
667 1235 825 1287 mammae,

85 1296 234 1369 bellatrix,
257 1298 402 1377 audetque
422 1300 490 1360 viris
512 1317 691 1361 concurrere
709 1303 799 1379 virgo.

127 1379 205 1442 llaec
228 1382 296 1442 dum
319 1382 463 1443 bardanio
485 1383 601 1443 Aeneae
622 1385 754 1444 miranda
776 1384 923 1452 videntur,

85 1463 155 1523 dum
176 1471 273 1543 stupet
291 1472 453 1544 optutuque
471 1465 573 1526 haeret
591 1466 702 1526 defixus
723 1469 752 1526 in
773 1484 849 1535 uno,

84 1547 185 1624 regina
208 1548 245 1608 ad
268 1548 423 1625 templum,
445 1548 539 1607 forma
565 1547 764 1625 pulcherrima
787 1546 873 1618 Dido,

84 1631 201 1691 incessit
223 1648 328 1707 magna
349 1633 487 1692 iuvenum
507 1632 631 1708 stipante
652 1638 776 1692 caterva.

84 1711 176 1792 qualis
193 1715 223 1773 in
245 1714 371 1775 Eurotae
392 1715 463 1793 ripis
482 1723 532 1774 aut
550 1732 603 1793 per
621 1715 687 1792 iuga
708 1714 809 1794 Cynthi

84 1806 202 1858 exercet
220 1798 309 1858 Diana
332 1797 454 1868 choros,
478 1815 565 1876 quam
583 1796 662 1859 mille
684 1805 801 1860 secutae

84 1880 152 1941 hinc
173 1888 260 1959 atque
281 1880 349 1943 hino
369 1879 569 1960 glomerantur
592 1882 730 1952 oreades:
753 1882 801 1943 illa
822 1883 990 1961 pharetram

84 1964 140 2024 tert
162 1982 283 2034 umero,
305 1966 500 2044 gradiensque
519 1964 588 2027 deas
609 1967 808 2043 supereminet
829 1969 921 2028 omnis

83 2048 220 2124 (Latonae
240 2050 357 2110 tacitum
374 2055 570 2128 pertemptant
591 2050 696 2126 gaudia
718 2051 846 2130 pectus):

83 2130 148 2191 talis
172 2141 234 2192 erat
256 2133 342 2202 Dido,
365 2132 452 2193 talem
475 2150 506 2194 se
524 2131 599 2193 laeta
621 2133 734 2194 serebat

82 2232 136 2291 per
157 2216 283 2284 medios,
303 2218 412 2276 instans
434 2218 516 2294 operi
534 2219 691 2295 regnisque
712 2217 826 2278 futuris.

83 2306 145 2357 tum
168 2298 281 2359 foribus
300 2299 396 2369 divae,
418 2300 513 2361 media
536 2319 552 2360 e
570 2301 715 2361 testudine
737 2299 853 2377 templi,

82 2388 181 2459 saepta
203 2383 291 2442 armis
313 2382 445 2460 solioque
467 2382 523 2444 alte
541 2382 664 2443 subnixa
685 2383 802 2444 resedit.

83 2465 147 2524 iura
166 2463 253 2524 dabat
274 2464 411 2542 legesque
433 2467 517 2534 viris,
541 2484 722 2544 operumque
742 2464 872 2525 laborem

83 2545 215 2624 partibus
237 2546 380 2625 aequabat
399 2548 479 2607 iustis
502 2554 551 2607 aut
571 2554 650 2607 sorte
671 2547 820 2606 trahebat:

82 2647 150 2690 cum
172 2628 268 2689 subito
286 2629 398 2689 Aeneas
419 2647 564 2690 concursu
587 2624 726 2689 accedere
746 2647 852 2706 magno

82 2711 196 2773 Anthea
216 2713 445 2790 Sergestumque
461 2712 537 2772 videt
556 2712 721 2790 sortemque
743 2712 914 2775 Cloanthum

82 2795 325 2875 Teucrorumque
342 2794 429 2867 alios,
452 2803 514 2857 ater
538 2814 611 2874 quos
628 2813 755 2875 aequore
776 2795 863 2856 turbo

82 2880 241 2957 dispulerat
261 2880 434 2958 penitusque
453 2879 523 2940 alias
545 2887 681 2940 avexerat
701 2898 776 2940 orae.
877 2892 880 2897 ’

82 2964 220 3041 opstipuit
241 2962 326 3024 simul
348 2965 424 3042 ipse,
443 2961 529 3025 simul
550 2981 708 3042 percussus
729 2964 854 3024 Achates

81 3046 246 3125 laetitiaque
266 3053 420 3125 metuque:
442 3047 516 3107 aridi
539 3048 717 3124 coniungere
738 3048 853 3108 dextras

82 3129 238 3200 ardebant,
257 3129 309 3191 sed
330 3148 379 3190 res
399 3132 510 3192 animos
531 3132 679 3208 incognita
700 3131 808 3191 turbat.

81 3212 262 3274 dissimulant
281 3221 310 3273 et
328 3213 408 3276 nube
426 3233 495 3275 cara
517 3215 705 3292 speculantur
725 3215 836 3283 amicti,

82 3313 157 3375 quae
177 3295 293 3373 ionuna
313 3298 399 3369 viris,
422 3298 542 3359 classem
565 3315 622 3377 quo
637 3297 728 3360 litore
750 3296 895 3375 linquant,

82 3377 152 3457 quid
174 3381 304 3440 veniant:
325 3383 438 3442 cunctis
456 3399 524 3441 narn
544 3381 612 3442 lecti
632 3379 754 3441 naribus
774 3379 854 3440 ibant

83 3469 199 3524 orantes
216 3463 345 3534 reniam,
364 3472 393 3524 et
415 3465 555 3543 templum
571 3464 700 3525 elamore
721 3463 868 3540 petebant.

840 3559 885 3623 7*
