2400 3878
120 183 180 245 too
452 194 595 243 vnnoun
611 194 735 243 anvms
751 194 806 243 1111

118 349 252 429 pallentis
273 348 393 410 umbras
415 347 513 409 Erebo
535 356 712 429 noctemque
731 349 926 427 profundam,

118 444 199 502 ante,
221 432 335 502 Pudor,
359 450 447 511 quam
468 439 497 493 te
516 432 607 501 violo,
632 440 681 494 aut
701 440 751 495 tua
769 434 833 494 iura
854 431 977 496 resolvo.

117 515 165 577 ille
183 534 280 586 meos,
302 517 415 595 primus
435 517 484 595 qui
505 534 553 577 me
574 515 630 577 sibi
650 517 759 588 iunxit,
783 533 898 578 amores

118 598 249 668 abstulit:
273 599 321 660 ille
342 599 448 660 habeat
471 617 572 660 secum
593 607 748 678 servetque
768 598 949 678 sepulchro'

117 684 159 743 sic
178 683 263 745 effata
283 685 379 744 sinum
401 682 528 744 lacrimis
549 682 678 761 implevit
694 682 814 744 obortis.

159 768 241 828 Anna
261 768 352 828 refert
372 776 405 826 ‘o
422 766 488 828 lucc
506 767 598 843 magis
620 766 725 828 dilecta
746 768 857 838 sorori,

118 850 217 912 solane
238 858 379 930 perpetua
401 868 536 912 maerens
557 869 679 931 carpere
697 852 826 921 iuventa,

117 951 173 996 nec
191 933 285 995 dulcis
308 942 392 995 natos
412 934 535 995 Veneris
556 953 612 995 nec
633 936 763 1012 praemia
780 935 877 994 norisi

117 1017 147 1078 id
170 1019 298 1079 cinerem
317 1027 367 1079 aut
385 1020 478 1078 manis
500 1018 596 1079 eredis
618 1037 723 1079 curare
744 1018 891 1096 sepultos?

118 1109 195 1170 esto,
217 1118 334 1180 aegram
356 1100 428 1162 nulli
451 1102 598 1180 quondam
619 1102 728 1164 llexere
747 1102 858 1171 mariti,

117 1203 177 1246 non
198 1185 319 1263 Libyae,
343 1204 402 1246 non
425 1194 491 1246 ante
513 1184 606 1264 Tyro;
629 1186 783 1264 despectus
803 1185 903 1246 larbas

118 1268 313 1347 ductoresque
332 1269 396 1347 alii,
420 1287 493 1348 quos
512 1268 610 1330 Africa
632 1276 710 1329 terra
731 1270 886 1348 triumphis

119 1353 198 1414 dives
220 1352 282 1412 alit:
299 1353 445 1431 placitone
467 1353 553 1413 etiam
573 1353 719 1431 pugnabis
741 1354 853 1415 amorii

117 1455 172 1497 neo
192 1438 318 1498 venitin
340 1444 483 1505 mentem,
512 1455 638 1516 quorum
660 1437 826 1499 consederis
848 1435 940 1498 arvis?

117 1520 186 1581 hinc
207 1519 345 1583 Gaetulae
366 1521 471 1591 urbes,
492 1538 585 1598 genus
601 1520 798 1599 insuperabile
818 1519 910 1590 bello,

118 1611 146 1665 et
163 1603 306 1667 Numidae
323 1604 431 1665 inlreni
451 1607 571 1682 oingrmt
593 1612 622 1665 et
642 1604 786 1683 inhospita
805 1605 910 1684 syrtis,

117 1687 185 1747 hinc
208 1689 322 1749 deserta
344 1690 390 1748 siti
411 1690 493 1765 regio
515 1688 630 1767 lateque
653 1689 803 1766 lucentes,

117 1770 248 1831 barcaei.
292 1772 362 1849 quid
383 1770 459 1832 bella
476 1772 554 1849 Tyro
576 1774 725 1851 surgentia
748 1773 843 1833 dicam

118 1856 307 1932 germanique
327 1855 439 1915 minas?

119 1937 161 1999 dis
182 1937 316 2015 equidem
336 1938 503 2016 auspicibus
521 1957 590 2000 reor
613 1946 641 1999 et
662 1939 774 2002 lunone
795 1939 922 2001 secunda

117 2020 197 2081 huno
220 2038 339 2082 cursum
358 2020 459 2082 Iliacas
478 2029 565 2084 vento
582 2024 711 2085 tenuisse
733 2026 855 2085 carinas.

1106 1953 1144 2007 lb

117 2123 204 2184 quam
225 2111 257 2166 tu
275 2105 395 2175 urbem,
414 2124 514 2177 soror,
537 2107 613 2167 hanc
635 2125 754 2178 cernes,
774 2124 849 2186 quae
871 2123 994 2186 surgere
1015 2123 1113 2186 regna

118 2190 253 2265 coniugio
274 2187 337 2249 tali!
365 2189 514 2251 Teucrum
536 2190 740 2252 comitantibus
761 2192 850 2252 armis

116 2272 225 2333 Punica
244 2290 276 2332 se
297 2275 411 2352 quantis
433 2272 543 2334 attollet
563 2272 655 2352 gloria
673 2274 776 2336 rebus!

116 2363 147 2416 tu
170 2355 258 2416 modo
280 2375 369 2435 posce
388 2358 458 2418 deos
479 2359 593 2418 veniam
612 2359 760 2436 sacrisque
783 2358 869 2419 litatis

116 2438 236 2518 indulge
257 2441 381 2519 hospitio
404 2459 563 2522 causasque
581 2442 697 2503 innecte
717 2443 864 2512 morandi,

116 2524 186 2584 dum
207 2524 311 2603 pelago
333 2526 459 2586 desaevit
477 2524 592 2603 hiemps
615 2533 644 2587 et
666 2544 793 2605 aquosus
815 2525 921 2596 Orion,

116 2617 326 2687 quassataeque
345 2617 423 2671 rates
446 2608 530 2691 [dum
551 2627 611 2670 non
631 2609 782 2671 tractabile
800 2606 952 2689 caelum.]'

156 2690 208 2751 llis
230 2693 313 2753 dictis
334 2694 466 2772 impenso
489 2694 617 2754 animum
639 2694 797 2755 llammavit
818 2710 933 2762 amore,

115 2792 257 2853 spemque
276 2776 355 2836 dedit
376 2777 482 2838 dubiae
502 2778 594 2837 menti
608 2776 749 2857 solvitque
765 2777 918 2857 pudorem.

115 2859 259 2936 principio
281 2859 404 2920 delubra
426 2861 534 2920 adeunt
554 2877 716 2939 pacemque
736 2879 789 2939 per
808 2879 874 2922 aras

115 2942 287 3019 exquirunt:
310 2949 438 3003 mactant
452 2941 542 3004 lectas
561 2943 598 3003 de
618 2961 702 3004 more
723 2944 848 3006 bidentis

115 3023 254 3100 legiferae
272 3024 373 3086 Cereri
394 3025 573 3103 Phoeboque
595 3028 729 3106 patrique
749 3028 862 3109 Lyaeo,
892 3018 896 3029 ’

114 3107 218 3170 lunoni
241 3115 308 3170 ante
329 3111 437 3180 omnis,
461 3111 508 3171 cui
529 3109 621 3170 vincla
643 3111 748 3189 iugalia
770 3131 867 3174 curae.

114 3192 177 3270 ipsa
199 3199 302 3253 tenens
321 3193 423 3255 dextra
444 3202 577 3272 pateram
598 3194 796 3272 pulcherrima
814 3197 888 3258 Dido

114 3276 264 3338 candentis
283 3295 387 3339 vaccae
408 3279 503 3340 media
526 3280 602 3339 inter
625 3297 735 3341 cornua
757 3281 869 3350 fundit,

114 3369 164 3419 aut
185 3368 252 3421 ante
273 3378 325 3422 ora
347 3362 433 3424 deum
453 3365 571 3442 pinguis
592 3365 732 3441 spatiatur
753 3365 791 3425 ad
813 3381 880 3426 aras

114 3443 312 3525 instauratque
335 3447 412 3508 diem
434 3447 518 3508 donis
538 3447 744 3527 pecudumque
764 3447 886 3510 reclusis

1106 2371 1145 2426 50

1107 2788 1147 2843 66

1108 3206 1148 3269 60
