2400 3878
397 189 540 237 vanam
562 187 686 236 aunum
709 188 722 234 1

63 344 223 423 expediunt
238 346 305 406 fessi
326 362 441 413 rerum,
463 345 621 420 frugesque
639 348 772 418 receptas

63 438 92 492 et
113 437 228 488 torrere
245 435 349 506 parant
370 428 494 488 flammis
517 435 545 487 et
566 426 703 501 frangere
725 442 804 484 saxo.

105 512 217 572 Aeneas
239 512 392 590 scopulum
411 512 521 573 interea
543 510 712 570 conscendit
731 516 760 567 et
781 526 898 567 omnem
1027 518 1077 570 180

64 604 253 673 prospectum
271 594 328 656 late
350 595 454 674 pelago
475 597 559 673 petit,
581 593 695 653 Anthea
717 593 830 670 siquem

63 680 200 739 iactatum
222 687 308 740 vento
330 680 425 740 videat
446 679 644 758 Phrygiasque
665 676 786 737 biremis

63 770 114 822 aut
132 762 230 842 Capyn
250 773 299 824 aut
317 762 401 824 celsis
422 764 453 822 in
473 761 622 839 puppibus
643 778 724 820 arma
748 759 834 820 Caici.

63 863 166 906 navem
183 849 212 906 in
236 855 396 923 conspectu
418 845 542 916 nullam,
562 847 615 905 tris
633 844 718 904 litore
741 861 844 903 cervos

63 930 203 1007 prospicit
220 932 359 999 errantis;
388 931 442 990 bos
461 938 522 989 tota
543 937 673 989 armenta
695 934 834 988 secuntur
1028 935 1077 990 185

63 1031 78 1072 a
101 1021 201 1089 tergo,
231 1020 259 1074 et
280 1013 401 1092 longum
423 1032 477 1091 per
497 1011 579 1072 vallis
601 1012 730 1090 pascitur
749 1027 864 1086 agmen.

63 1097 190 1156 constitit
211 1098 283 1168 bic,
296 1115 456 1176 arcumque
479 1115 567 1157 manu
591 1095 753 1173 celerisque
775 1095 894 1170 sagittas

63 1181 206 1257 corripuit
230 1181 319 1260 [lidus
341 1199 416 1258 quae
439 1182 496 1242 tela
519 1180 640 1259 gerebat
657 1177 795 1258 Achates]

27 1294 29 1298 ·
63 1263 258 1341 ductoresque
279 1267 358 1341 ipsos¹
378 1267 522 1343 primum,
545 1265 638 1342 capita
660 1262 716 1323 alta
738 1262 859 1323 ierentis

63 1345 203 1405 cornibus
224 1346 372 1416 arboreis,
402 1351 521 1417 sternit,
544 1358 607 1408 tum
628 1347 730 1424 volgus
750 1354 779 1406 et
800 1364 916 1406 omnem
1028 1355 1077 1409 19⁰

62 1430 166 1489 miscet
188 1447 278 1507 agens
299 1428 364 1491 telis
387 1449 508 1492 nemora
531 1432 607 1491 inter
629 1431 752 1490 frondea
773 1429 908 1496 turbam;

62 1530 118 1573 nec
143 1514 226 1590 prius
248 1514 376 1583 absistit,
405 1533 492 1592 quam
516 1522 628 1590 septem
645 1514 774 1590 ingentia
795 1513 888 1571 victor

63 1614 189 1674 corpora
212 1597 315 1656 fundat
336 1596 418 1657 bumi
441 1605 471 1658 et
492 1614 649 1657 numerum
671 1614 738 1656 cum
757 1594 880 1656 navibus
903 1601 1018 1673 aequet.

64 1679 132 1740 bino
153 1688 272 1757 portum
292 1682 379 1756 petit,
404 1687 433 1741 et
454 1682 550 1740 socios
572 1681 696 1758 partitur
719 1684 748 1738 in
767 1681 870 1739 omnis.

62 1765 127 1824 sina
149 1763 244 1824 bonus
267 1781 343 1841 quae
364 1764 470 1824 deinde
492 1765 571 1824 cadis
593 1771 730 1824 onerarat
750 1763 868 1824 Acestes

62 1848 147 1907 litore
166 1846 317 1908 Trinacrio
339 1847 518 1926 dederatque
540 1847 716 1908 abeuntibus
737 1846 840 1915 beros,

64 1931 176 1998 dividit,
197 1936 226 1990 et
244 1931 327 1991 dictis
346 1934 506 1992 maerentia
527 1940 647 2010 pectora
670 1930 794 1992 mulcet:

59 2028 100 2073 ‘o
120 2014 192 2074 socii
210 2013 314 2093 (neque
335 2017 411 2075 enirn
431 2017 526 2094 ignari
549 2034 650 2077 sumus
666 2025 734 2076 ante
754 2020 909 2095 malorum)

63 2116 80 2156 o
102 2098 179 2174 passi
200 2100 349 2175 graviora,
373 2099 453 2159 dabit
475 2100 547 2160 deus
568 2101 613 2160 his
633 2118 750 2178 quoque
770 2099 869 2159 linem.

63 2198 113 2240 ros
135 2189 164 2242 et
184 2181 344 2261 Scyllaeam
366 2183 479 2244 rabiem
502 2186 674 2263 penitusque
696 2186 826 2244 sonantis

62 2266 184 2325 accestis
203 2265 355 2343 scopulos,
376 2285 428 2326 vos
449 2275 478 2328 et
497 2267 638 2346 Cyclopea
658 2286 727 2328 saxa

63 2351 192 2424 experti:
213 2357 347 2410 revocate
365 2354 490 2424 animos,
512 2359 713 2430 maestumque
734 2353 869 2413 timorem

63 2432 180 2502 mittite;
199 2431 298 2495 forsan
322 2436 446 2497 ethaeo
468 2436 536 2496 olim
559 2437 725 2496 meminisse
743 2435 861 2496 iuvabit.

62 2535 117 2598 per
139 2520 234 2581 varios
257 2538 358 2590 casus,
381 2538 435 2597 per
457 2527 499 2577 tot
521 2519 687 2578 discrimina
705 2536 807 2578 rerum

64 2603 212 2664 tendimus
232 2605 263 2663 in
284 2603 417 2671 Latium,
438 2601 523 2662 sedes
540 2600 592 2661 ubi
611 2600 670 2662 iata
691 2603 802 2683 quietas

64 2686 237 2756 ostendrmt;
260 2684 319 2746 illic
342 2687 384 2747 ias
406 2704 497 2764 regna
517 2706 673 2767 resurgere
694 2688 809 2749 Troiae.

65 2771 186 2840 durate,
209 2776 238 2831 et
255 2779 367 2831 vosmet
388 2771 479 2832 rebus
499 2780 612 2834 servate
633 2771 791 2834 secundis’

106 2854 186 2914 Talia
208 2872 280 2915 voce
302 2852 407 2925 reiert,
435 2858 571 2935 curisque
593 2857 759 2934 ingentibus
782 2873 870 2933 aeger

63 2956 146 3015 spem
166 2938 245 2999 voltu
265 2939 395 3010 simulat,
417 2942 524 3019 premit
545 2940 634 3001 altum
657 2942 747 3002 corde
770 2940 911 3003 dolorem.

63 3021 104 3082 illi
124 3039 157 3083 se
178 3023 305 3101 praedae
327 3025 483 3102 accingunt
504 3024 684 3104 dapibusque
706 3024 828 3087 futuris:

63 3113 181 3184 tergora
194 3107 343 3186 deripiunt
365 3110 451 3170 costis
473 3117 504 3170 et
523 3111 636 3171 viscera
656 3110 785 3194 nudant,

61 3206 132 3269 pars
151 3191 183 3252 in
203 3191 297 3254 busta
318 3201 419 3253 secant
437 3192 613 3272 veribusque
633 3195 788 3255 trementia
809 3197 915 3273 figunt,

62 3271 148 3335 litore
168 3277 241 3335 aena
259 3274 357 3337 locant
377 3275 425 3337 alii
445 3276 634 3355 flammasque
655 3279 830 3339 ministrant.

63 3369 125 3417 tum
146 3359 223 3418 victu
244 3367 384 3420 revocant
404 3361 493 3430 vires,
517 3361 632 3438 fusique
652 3379 707 3440 per
728 3361 851 3424 herbam

60 3439 210 3520 inplentur
231 3444 337 3504 veteris
361 3444 466 3505 bacchi
489 3445 661 3526 pinguisque
684 3446 804 3509 ferinae.
