2454 3936
450 235 595 285 visurum
611 234 735 284 AENEIS
752 235 776 283 X

106 413 159 457 ora
180 392 275 454 modis
297 390 487 453 Anchisiades
507 389 645 470 pallentia
666 392 756 461 miris,

107 478 247 557 ingemuit
269 477 411 536 miserans
433 477 560 552 graviter
583 475 774 553 dextramque
796 475 925 545 tetendit,

108 573 136 624 et
158 568 286 623 mentem
308 559 418 638 patriae
438 558 527 620 subiit
548 559 661 637 pietatis
682 559 786 638 imago.

107 646 193 725 ‘quid
214 643 267 704 tibi
287 661 372 714 uuno,
395 643 559 703 miserande
577 660 660 721 puer,
685 660 739 721 pro
760 643 894 705 laudibus
916 643 985 711 istis,

106 730 177 807 quid
198 728 264 806 pius
282 728 395 789 leneas
413 734 492 788 tanta
514 726 593 787 dabit
613 726 711 788 indole
732 728 871 805 dignum!

106 831 197 882 arma,
221 811 326 890 quibus
344 810 486 881 laetatu's,
506 810 582 871 habe
604 818 662 882 tua,
686 818 772 891 teque
791 819 946 890 parentum

106 896 240 958 manibus
263 905 291 956 et
313 895 412 966 cineri,
435 896 518 973 siqua
539 903 583 955 est
603 913 637 955 ea
657 913 737 966 cura,
759 897 887 958 remitto.

106 982 163 1042 hoc
184 989 283 1042 umen
305 978 405 1040 iuielix
426 980 564 1040 miseram
583 977 718 1045 solabere
737 987 880 1040 mortem.

107 1066 222 1125 deneas
243 1064 342 1140 magui
362 1064 465 1124 dextra
486 1062 584 1124 cadis:
615 1063 748 1141 increpat
769 1063 846 1125 ultro

108 1150 271 1209 cunctantis
292 1148 387 1208 socios
407 1155 435 1209 et
453 1155 532 1209 terra
550 1145 681 1209 sublevat
702 1149 807 1227 ipsum,

106 1233 247 1309 sanguiue
269 1239 435 1310 turpantem
459 1238 591 1309 comptos
613 1231 650 1293 de
671 1250 755 1294 more
773 1233 902 1314 capillos.

148 1317 263 1378 Interea
284 1317 399 1393 genitor
421 1314 551 1377 Tiberini
570 1316 607 1377 ad
629 1315 758 1377 llumiuls
779 1318 886 1378 undam

107 1400 224 1461 volnera
242 1399 371 1461 siccabat
391 1398 517 1479 lymphis
537 1417 703 1477 corpusque
721 1399 836 1461 levabat

107 1483 222 1545 arboris
241 1482 362 1544 adchrris
381 1490 496 1544 trunco.
528 1481 632 1560 procul
653 1500 739 1544 aerea
761 1485 850 1544 ramis

107 1567 252 1648 dependet
272 1565 354 1645 galea
377 1574 406 1628 et
427 1572 512 1645 prato
537 1566 635 1644 gravia
654 1583 736 1627 arma
758 1567 920 1644 quiescunt.

107 1660 183 1714 stant
200 1651 269 1712 lecti
291 1652 401 1712 circum
421 1651 555 1710 iuvenes:
576 1651 639 1728 ipse
660 1666 749 1726 aeger
769 1650 909 1712 anhelans

107 1734 180 1798 colla
201 1736 287 1805 fovet,
308 1733 390 1796 lusus
411 1751 573 1814 propexam
590 1735 621 1794 in
643 1741 765 1813 pectore
789 1734 928 1805 barbam3

106 1818 196 1881 mrdta
215 1836 304 1898 super
325 1818 420 1880 Lauso
440 1819 548 1897 rogitat
568 1817 751 1899 multumque
769 1821 890 1881 remittit
916 1841 919 1846 ·

108 1906 158 1983 qui
179 1911 318 1965 revocent
339 1904 499 1983 maestique
521 1902 617 1965 lerant
637 1904 773 1965 mandata
794 1907 934 1984 parentis.

107 2000 136 2049 at
154 1988 281 2049 Lausum
302 1988 374 2049 socii
395 1989 559 2049 exanimem
579 2006 670 2068 super
691 2007 772 2050 arma
792 1989 929 2051 ferebant

107 2072 219 2142 llentes,
241 2072 390 2150 lugentem
412 2080 500 2152 atque
520 2073 630 2151 ingenti
652 2072 772 2135 volnere
793 2074 910 2135 rictum.

107 2156 242 2234 adgnovit
259 2153 345 2234 longe
369 2159 510 2234 gemitum
531 2174 673 2236 praesaga
694 2156 763 2217 mali
784 2175 882 2218 mens:

109 2241 240 2301 canitiem
259 2238 350 2300 multo
373 2238 518 2302 deformat
538 2239 659 2319 pulvere
680 2248 709 2302 et
731 2241 832 2301 ambas

108 2325 143 2387 ad
163 2323 275 2385 caelum
298 2324 391 2385 tendit
408 2323 520 2404 palmas
539 2331 569 2384 et
590 2342 715 2403 corpore
735 2324 876 2386 inhaeret.

109 2417 243 2469 ‘tautane
262 2425 311 2469 me
330 2408 425 2469 tensdt
444 2406 567 2476 vivendi,
589 2414 666 2476 uate,
688 2406 832 2485 voluptas,

108 2499 139 2553 ut
160 2511 216 2573 pro
237 2510 286 2552 me
310 2488 408 2551 hostih
429 2497 547 2567 paterer
568 2489 729 2550 succedere
750 2489 880 2561 dextrae,

108 2595 194 2656 mem
216 2574 322 2654 genui?
354 2580 441 2633 tuane
460 2572 533 2632 haec
554 2573 668 2649 genitor
689 2589 744 2651 per
762 2570 881 2634 volnera
902 2589 1010 2640 servor,

108 2670 202 2721 morte
224 2668 273 2720 tua
294 2656 410 2717 vivens?
439 2655 507 2726 heu,
530 2672 609 2716 nuno
629 2655 739 2715 misero
760 2655 833 2717 mihi
853 2656 971 2717 demum

108 2745 225 2805 exitium
249 2740 357 2812 lnielix,
378 2756 458 2801 nunc
481 2737 538 2799 alte
556 2737 660 2800 volnus
680 2737 828 2800 adactum!

108 2826 184 2887 idem
207 2844 271 2904 ego,
289 2832 366 2896 nate,
386 2832 469 2885 tuum
489 2821 632 2884 maculari
653 2823 777 2885 crimine
795 2840 912 2895 nomen,

109 2910 209 2988 pulsus
227 2911 264 2971 ob
287 2910 424 2972 invidiam
447 2907 520 2969 solio
542 2908 723 2987 sceptrisque
741 2909 879 2988 paternis.

110 2992 269 3070 debueram
290 2997 401 3074 patriae
423 3009 534 3071 poenas
557 2991 688 3072 odilsque
709 3011 860 3055 meorum:

111 3078 205 3135 omnis
224 3093 278 3154 per
298 3080 400 3140 mortis
422 3079 548 3138 animam
568 3083 682 3138 sontem
704 3077 767 3155 ipse
789 3076 948 3139 dedissem!

110 3175 190 3218 nunc
210 3161 271 3220 rivo
293 3179 389 3243 neque
411 3161 508 3223 adhuc
529 3160 663 3222 homiues
685 3159 841 3241 lucemque
862 3160 1005 3238 rehoquo.
1066 3165 1117 3214 too

110 3241 162 3302 sed
180 3239 327 3320 linquam'
359 3245 445 3306 simul
466 3246 523 3306 hoc
545 3245 646 3306 diceus
665 3243 770 3305 attollit
790 3245 822 3304 iu
840 3261 962 3323 aegrum

111 3326 259 3386 sciemur
280 3335 317 3395 et.
336 3330 466 3405 quamvis
489 3326 650 3408 doloralto
668 3326 788 3390 volnere
809 3328 913 3397 tardet,

111 3412 181 3472 haut
197 3408 326 3471 deiectus
349 3429 434 3473 ecum
457 3413 525 3475 duci
544 3410 633 3474 iubet.
667 3411 725 3472 hoo
742 3412 831 3472 decus
850 3408 899 3480 illi,

109 3494 166 3555 hoc
188 3492 319 3554 solamen
341 3501 419 3577 erat3
440 3495 523 3558 hellis
543 3495 601 3556 hoo
621 3497 713 3556 victor
735 3495 832 3556 abibat
