2400 3878
151 211 213 274 348
480 221 623 269 vunarnr
639 222 764 269 nnuma
780 222 830 268 xrr

154 388 188 438 ‘o
204 394 299 446 soror,
322 385 351 436 ct
373 374 484 436 dudum
506 375 640 452 adgnovi,
660 393 726 435 cum
748 378 843 452 prima
864 393 918 452 per
941 386 1034 439 artem

153 460 273 521 foedera
295 459 418 520 turbasti
438 466 525 536 teque
546 458 619 520 haec
641 459 672 518 in
692 457 769 518 belia
792 458 905 528 dedisti,

153 551 182 605 ct
202 560 281 604 nunc
301 543 479 621 nequiquam
503 539 576 601 taliis
598 542 660 602 dea.
695 539 746 601 sed
760 542 824 619 quis
847 540 969 622 Olympo

153 628 308 688 demIssam
329 633 426 686 tantos
445 622 535 684 voluit
556 632 585 685 te
604 625 685 686 ferre
707 623 841 685 labores?
1108 637 1163 691 ω

152 728 189 770 an
211 709 307 769 iratris
329 709 428 769 miseri
445 707 537 769 letum
558 715 592 768 ut
612 707 732 770 crudele
754 708 887 769 videres?

153 811 220 854 nam
239 792 309 871 quid
330 792 404 869 agot
426 798 476 852 aut
498 809 574 870 quae
596 791 653 852 iam
674 791 798 871 spondet
818 791 949 854 Fortuna
970 793 1118 857 salutem!

152 877 209 937 vidi
230 874 331 937 oculos
348 883 416 936 ante
435 875 499 954 ipse
521 892 603 935 meos
624 893 672 936 me
694 892 765 935 voce
786 883 939 937 vocantem

155 959 335 1029 Murranum,
359 975 417 1036 quo
440 975 499 1018 non
521 964 641 1037 superat
661 957 733 1018 mihi
754 958 849 1019 carior
872 958 953 1030 aiter,

153 1050 292 1121 oppetere
312 1044 460 1118 ingentem
483 1049 570 1120 atquc
589 1042 701 1119 lugenti
721 1041 841 1102 uolnere
862 1043 977 1104 victum.
1106 1055 1164 1108 ⁶4⁰

152 1125 258 1185 occidit
279 1125 378 1186 infelix
403 1132 594 1186 nostrumne
616 1125 744 1187 dedecus
766 1125 856 1186 Ufens

152 1210 310 1286 aspiceret;
334 1207 439 1270 Teucri
457 1209 608 1286 potiuntur
631 1226 758 1286 corpore
779 1216 809 1269 et
830 1210 930 1270 armis.

154 1291 306 1353 excindine
328 1291 432 1352 domos
454 1290 492 1370 (id
512 1290 603 1352 rebus
625 1291 716 1352 detuit
737 1293 837 1372 unum)

151 1374 309 1454 perpetiar,
333 1375 434 1436 dextra
457 1393 512 1437 nec
533 1375 655 1436 Drancis
677 1376 752 1436 dicta
775 1375 924 1436 reiciiamt

152 1466 234 1535 terga
257 1458 332 1519 daho
352 1466 380 1518 et
401 1457 533 1519 Turnum
553 1459 714 1536 fugientem
734 1458 807 1519 haec
827 1467 906 1521 terra
924 1460 1049 1522 videbit?
1107 1472 1163 1524 tuo

154 1559 246 1620 usque
268 1542 378 1603 adeone
399 1545 475 1604 mori
499 1544 641 1620 miserum
663 1542 725 1602 esti
759 1559 809 1601 ros
831 1560 849 1602 o
869 1542 941 1604 mlhi
961 1562 1064 1607 manes

152 1632 214 1687 oste
234 1625 313 1694 boni,
332 1627 469 1706 qnoniam
490 1627 606 1703 superis
628 1642 728 1686 aversa
750 1623 895 1687 voluntasi
1159 1630 1162 1635 '

153 1717 251 1769 sancta
271 1708 307 1770 ad
329 1727 380 1770 vos
401 1711 495 1770 anima
517 1717 603 1787 atque
623 1709 705 1770 istim
726 1710 824 1770 nescia
846 1708 949 1789 ctdpae

152 1791 336 1861 dasoundam,
354 1809 530 1871 magnorum
547 1792 619 1852 haut
640 1810 779 1870 umquam
798 1793 933 1871 indIgnus
951 1812 1081 1859 avorum.

195 1874 248 1935 Vix
268 1894 300 1935 ea
323 1874 399 1935 iatus
420 1882 498 1936 erat:
522 1875 633 1935 medios
656 1873 732 1935 volat
753 1893 821 1936 ecce
839 1895 894 1956 par
915 1877 1009 1940 hostIs
1106 1888 1163 1943 ow

155 1965 252 2019 vectus
273 1976 348 2036 equo
367 1966 522 2036 spumante
541 1957 639 2027 Saces,
662 1956 783 2017 adversa
804 1961 906 2036 sagitta

153 2041 267 2102 sancius
289 2058 350 2111 ora,
373 2041 491 2120 ruitque
512 2039 672 2119 implorans
693 2042 812 2102 nomine
834 2042 983 2105 Turnum:

154 2125 279 2194 ‘Turne
301 2124 331 2183 in
348 2130 377 2184 te
400 2141 536 2201 suprema
558 2123 651 2184 salus:
681 2124 823 2186 miserere
841 2134 968 2188 tuorum.

152 2207 284 2269 fulminat
300 2210 412 2268 Aeneas
434 2208 524 2268 armis
545 2224 734 2289 summasque
755 2210 881 2270 minatur

152 2293 333 2353 deiecturum
354 2308 437 2352 arces
456 2289 560 2351 italum
579 2292 751 2371 excidioque
770 2293 922 2363 daturum;
1107 2304 1163 2357 otto

153 2378 270 2454 iamque
292 2376 370 2436 iaces
389 2375 426 2435 ad
445 2382 522 2436 tecta
544 2373 649 2436 volant.
686 2377 767 2438 inte
789 2395 840 2438 ora
859 2377 962 2448 Latini,

151 2461 181 2521 in
202 2466 231 2520 ts
252 2458 353 2520 oculos
373 2459 522 2528 reiarunt;
543 2467 653 2521 mussat
674 2478 727 2522 rex
748 2462 813 2539 ipse
834 2460 962 2532 Latinus,

152 2561 224 2623 quos
243 2560 368 2622 generos
390 2550 474 2604 vocet
494 2551 544 2604 aut
561 2561 636 2623 quas
655 2563 719 2605 sese
742 2543 778 2605 ad
800 2543 919 2606 ioedera
940 2544 1047 2606 flectat.

150 2635 303 2706 praeterea
324 2628 435 2706 regina,
459 2628 501 2688 tui
521 2627 669 2697 fidissima,
692 2626 795 2688 dextra

152 2711 257 2772 occidit
279 2711 342 2789 ipsa
363 2728 416 2773 sua
437 2711 592 2791 lucemque
614 2711 751 2772 exterrita
775 2711 856 2787 fugit.
1107 2720 1165 2775 ⁰0⁰

151 2793 204 2855 soli
224 2796 391 2875 propontis
409 2795 560 2874 Messapus
581 2803 610 2856 et
630 2813 699 2855 acer
718 2794 818 2855 Atinas

152 2885 315 2940 sustentant
336 2880 437 2940 aciem.
472 2880 583 2939 circum
605 2878 659 2937 hos
679 2881 826 2955 utrimque
846 2876 1006 2956 phaangcs

151 2969 228 3022 stant
247 2961 364 3032 densae,
386 2963 553 3038 strictisque
575 2978 659 3038 seges
680 2959 871 3021 mucronibus
893 2961 995 3022 horret

151 3045 261 3107 ferrea:
282 3051 315 3106 tu
335 3062 458 3106 currum
477 3044 593 3105 deserto
614 3044 645 3103 in
667 3043 799 3121 gramme
821 3046 937 3104 versas!

152 3128 290 3210 opstipuit
309 3129 388 3188 varia
408 3127 548 3188 confusus
568 3127 695 3203 imagine
717 3143 819 3186 rernm
1108 3136 1165 3191 aas

151 3212 269 3274 Turnus
291 3220 320 3273 et
338 3211 442 3272 obtutu
463 3211 551 3272 tacito
573 3211 661 3271 stetit.
691 3216 804 3270 aestuat
825 3210 928 3290 ingens

152 3314 211 3358 uno
232 3299 262 3357 in
284 3295 373 3358 corde
394 3294 490 3373 pudor
511 3295 660 3372 mixtoque
681 3293 791 3354 insania
812 3290 893 3355 luctu

152 3388 182 3442 st
199 3379 282 3441 nnita
300 3380 425 3456 agitatus
445 3395 529 3438 amor
550 3385 580 3442 et·
601 3378 718 3439 conscia
737 3377 838 3438 virtus.

152 3470 185 3526 ut
204 3464 334 3543 primum
356 3461 505 3524 discussae
524 3461 647 3524 umbrae
669 3469 697 3522 et
717 3458 767 3521 lux
788 3459 902 3522 reddita
923 3462 1021 3531 menti,

260 3702 276 3737 ὑ
