2400 3878
424 202 566 254 vnnorm
583 201 707 249 annuis
726 201 762 249 vr
1043 186 1103 249 215

94 362 234 438 tertiaque
256 375 336 419 anna
357 357 434 435 patri
456 357 615 434 suspendet
634 365 717 436 capta
740 353 887 430 Quirino'

93 452 180 522 atque
201 444 249 504 hic
270 445 382 502 Aeneas
405 440 474 518 (una
491 458 616 519 namque
637 443 682 501 ire
699 439 815 501 videbat
1053 446 1105 502 860

93 529 244 604 egregium
266 528 360 586 torma
379 525 513 584 iuvenem
537 534 564 584 et
585 524 763 603 fulgentibus
781 523 882 592 armis,

94 610 143 672 sed
159 611 239 670 frons
261 608 335 670 laeta
357 625 461 685 parum
484 614 513 668 et
535 608 647 669 deiecto
666 607 775 669 lumina
796 606 884 684 voltu)

94 695 190 771 ‘quis,
214 702 312 771 pater,
332 691 395 760 ille,
417 692 512 751 virum
534 693 583 771 qui
604 694 645 753 sic
670 693 824 753 comitatur
845 687 979 751 euntem?

94 776 168 838 tilius
189 794 265 837 anne
286 775 389 854 aliquis
410 792 514 852 magna
537 776 574 836 de
594 777 686 854 stirpe
707 775 867 854 nepotum?

96 861 144 938 qui
162 862 298 938 strepitus
318 860 396 920 cirea
418 859 570 919 comitum!
594 865 734 938 quantum
758 860 849 918 instar
871 859 901 917 in
923 856 985 936 ipso
1054 865 1105 921 865

94 944 214 1004 sednon
234 952 297 1004 atra
319 949 405 1021 caput
427 942 502 1002 tristi
524 942 712 1003 circumvolat
734 938 864 1002 umbra'

95 1037 156 1087 tum
176 1034 257 1105 pater
279 1025 419 1086 Anchises
440 1025 567 1086 lacrimis
587 1027 738 1104 ingressus
761 1024 871 1086 obortis

96 1115 128 1169 ‘o
146 1118 244 1188 gnate,
267 1112 415 1188 ingentem
438 1108 549 1170 luctum
568 1127 605 1170 nc
626 1128 736 1188 quaero
754 1117 882 1169 tuorum.

95 1193 248 1255 ostendent
265 1195 352 1254 terris
372 1193 451 1254 bunc
470 1200 583 1254 tantum
605 1193 662 1254 lata
684 1211 779 1272 neque
797 1192 873 1252 ultra

96 1294 159 1338 esse
181 1278 284 1337 sinent.
325 1276 447 1337 nimium
468 1277 549 1337 vobis
568 1277 699 1337 Romana
721 1292 853 1356 propago

95 1361 154 1421 visa
175 1368 292 1439 potens,
316 1361 427 1437 superi,
450 1362 569 1439 propria
591 1361 664 1421 haec
685 1362 709 1420 si
732 1361 808 1420 dona
831 1359 961 1418 luissent.

95 1451 219 1522 quantos
240 1442 288 1503 ille
309 1444 403 1502 virum
422 1460 557 1520 magnam
578 1444 715 1503 Mavortis
737 1443 773 1502 ad
793 1442 897 1502 urbem

95 1544 215 1604 campus
234 1533 301 1602 aget
320 1525 457 1602 gemitus!
479 1525 524 1586 vel
546 1544 634 1602 quae,
657 1525 808 1603 Tiberine,
831 1522 942 1584 videbis

95 1610 213 1679 funera,
234 1628 301 1670 cum
323 1607 467 1668 tumulum
489 1607 705 1685 praeterlabere
728 1609 890 1669 recentem!

94 1712 150 1754 nec
170 1711 245 1771 puer
267 1692 351 1753 lliaca
375 1694 527 1769 quisquam
549 1692 585 1752 de
608 1699 693 1770 gente
714 1691 831 1752 Latinos

95 1778 123 1837 in
145 1784 258 1836 tantum
278 1793 330 1853 spe
350 1774 432 1835 tollet
455 1792 536 1844 avos,
559 1794 614 1836 nec
635 1774 759 1836 Romula
783 1775 929 1854 quondam

94 1860 154 1920 ullo
177 1878 208 1920 se
230 1868 342 1920 tantum
360 1858 445 1919 tellus
462 1858 580 1920 iactabit
602 1857 729 1920 alumno.

94 1944 151 2004 heu
172 1944 277 2022 pietas,
301 1943 360 2003 heu
381 1943 477 2021 prisca
494 1943 566 2022 fides
587 1945 750 2022 invictaque
767 1941 844 2003 bello

95 2028 226 2088 dextera!
247 2045 305 2087 non
328 2024 368 2085 illi
389 2043 421 2087 se
443 2027 594 2106 quisquam
615 2030 724 2104 inpune
746 2024 859 2088 tulisset

94 2110 195 2172 obvius
212 2118 339 2181 armato,
360 2128 412 2171 seu
433 2128 499 2170 cum
522 2112 612 2188 pedes
630 2112 686 2171 iret
708 2112 737 2172 in
759 2110 872 2170 bostem

94 2212 146 2255 seu
165 2195 327 2274 spumantis
348 2195 415 2272 equi
437 2193 551 2268 foderet
571 2193 732 2255 calcaribus
756 2211 862 2254 armos.

94 2277 152 2338 beu
171 2277 336 2338 miserande
357 2296 447 2355 puer,
470 2279 553 2355 siqua
575 2278 633 2338 lata
655 2295 758 2355 aspera
781 2294 915 2354 rumpas,

94 2368 126 2419 tu
148 2359 301 2421 Marcellus
324 2362 391 2420 eris.
435 2362 570 2423 manibus
591 2362 657 2422 date
678 2360 736 2421 lilia
757 2360 865 2438 plenis,

94 2461 260 2522 purpureos
281 2459 417 2521 spargam
438 2444 526 2503 liores
545 2446 729 2521 animamque
749 2444 862 2519 nepotis

95 2526 140 2586 bis
162 2525 264 2585 saltem
284 2525 469 2586 adcumulem
490 2526 573 2585 donis
596 2534 624 2585 et
642 2526 747 2602 fungar
768 2526 847 2585 inani

95 2608 242 2670 munere'
285 2608 326 2668 sic
343 2615 403 2668 tota
425 2609 533 2685 passim
552 2609 672 2686 regione
692 2616 833 2686 vagantur

96 2694 172 2754 aeris
194 2693 224 2752 in
246 2692 355 2769 eampis
376 2690 441 2751 latis
463 2698 549 2770 atque
570 2693 666 2752 omnia
687 2691 820 2752 lustrant.

96 2795 170 2855 quae
192 2784 346 2854 postquam
368 2774 510 2836 Anchises
530 2784 630 2836 natum
649 2793 703 2853 per
724 2775 836 2853 singula
858 2775 940 2836 duxit

95 2859 280 2937 incenditque
297 2860 425 2920 animum
445 2858 539 2920 lamae
560 2860 700 2920 uenientis
720 2878 833 2932 amore,

96 2947 172 3014 exim
192 2942 267 3004 bella
287 2943 349 3004 viro
370 2952 513 3006 memorat
535 2962 609 3023 quae
632 2944 735 3005 deinde
757 2943 885 3021 gerenda

95 3027 307 3106 Laurentisque
329 3027 415 3090 docet
430 3027 555 3108 populos
577 3028 740 3109 urbemque
760 3028 855 3089 Latini

97 3120 125 3170 et
146 3129 203 3188 quo
224 3129 369 3190 quemque
390 3112 477 3173 modo
496 3112 644 3191 fugiatque
669 3112 801 3191 feratque
822 3111 963 3174 laborent.

139 3194 213 3254 Sunt
234 3195 366 3270 geminae
386 3196 487 3257 Somni
505 3204 624 3275 portae;
648 3214 772 3274 quarum
795 3195 885 3256 altera
906 3197 996 3257 fertur

97 3295 218 3347 cornea,
241 3295 298 3355 qua
319 3279 395 3339 veris
417 3278 508 3341 facilis
530 3281 615 3341 datur
639 3281 732 3341 exitus
751 3278 879 3348 umbris,

96 3359 185 3422 altera
208 3361 343 3422 candenti
361 3365 490 3441 perfecta
510 3366 605 3425 nitens
628 3362 796 3441 elephanto,
