2400 3878
386 205 530 253 vuaouu
551 203 689 252 ucuooa
712 207 736 252 x
1021 193 1062 254 23

180 361 292 428 naides,
315 359 434 436 indigno
458 377 525 418 cum
548 357 647 419 Gallus
670 377 769 420 amore
791 361 922 437 peribat?
1028 373 1063 425 10

101 436 108 456 '
179 462 246 504 nam
269 460 363 520 neque
384 443 504 502 Parnasi
525 441 607 501 vohis
629 444 712 520 iuga,
734 461 802 503 nam
825 462 921 522 neque
942 444 1027 504 Pindi

181 526 239 587 ulla
261 544 374 586 moram
397 526 509 594 iecere,
533 543 629 604 neque
650 526 759 586 Aoniae
781 528 940 605 Aganippe.

83 624 91 646 ⁶
184 610 264 670 illum
288 611 373 670 etiam
395 608 485 680 lauri,
509 611 595 670 etiam
617 609 723 670 ilevere
746 611 881 688 myricae,

179 694 284 771 piniier
305 692 386 754 illum
409 693 495 753 etiam
517 692 577 752 sola
599 693 654 765 suh
676 712 751 773 rupe
772 695 914 754 iacentem

183 777 330 838 Maenalus
353 784 382 838 et
403 776 490 855 gelidi
511 776 654 838 lleverunt
675 795 743 838 saxa
765 777 878 856 Lycaei.
1029 791 1061 842 15

180 868 256 922 stant
277 867 306 921 et
328 879 395 922 oves
417 862 529 921 circum
552 861 652 940 (nostri
674 879 729 921 nec
750 862 879 939 paenitet
898 860 976 922 illas:

180 953 209 1004 et
229 944 397 1005 formonsus
420 946 480 1004 ovis
502 944 538 1004 ad
559 944 678 1005 llumina
700 947 778 1023 pavit
799 944 927 1024 Adonis),
1029 955 1062 1009 18

179 1029 256 1088 venit
278 1035 306 1088 et
329 1027 429 1106 opilio,
453 1029 528 1089 tardi
549 1046 656 1089 venere
677 1028 800 1098 subulci,

178 1111 281 1172 uvidus
303 1112 425 1172 hiberna
448 1112 524 1172 venit
546 1113 582 1173 de
604 1112 709 1190 glande
730 1111 883 1174 Menalcas.
1028 1124 1062 1175 20

182 1213 283 1255 omnes
306 1197 398 1256 ‘unde
414 1214 496 1256 amor
511 1196 580 1256 iste’
601 1202 706 1274 rogant
729 1194 828 1257 ‘tihi‘t'
851 1197 929 1255 venit
943 1195 1061 1273 Apollo:

181 1278 292 1349 ‘Galle
316 1280 386 1357 quid
408 1278 545 1340 insanis‘l'
569 1281 675 1358 inquit,
699 1287 763 1340 ‘tua
787 1298 857 1341 cura
879 1279 998 1358 Lycoris

179 1379 291 1440 perque
313 1364 393 1423 nives
415 1363 501 1424 ahum
524 1381 635 1441 perque
658 1364 777 1424 horrida
800 1371 894 1423 castra
916 1361 1061 1422 secutast!

182 1447 259 1504 venit
281 1453 310 1505 et
331 1449 437 1523 agresti
460 1447 560 1523 capitis
582 1447 714 1507 Silvanus
737 1446 850 1505 honore

180 1527 311 1587 ilorentis
333 1528 440 1589 ierulas
464 1535 491 1589 et
513 1529 633 1606 grandia
655 1528 713 1588 liha
735 1545 884 1606 quassans.
1028 1539 1062 1592 25

100 1605 108 1622 '
182 1612 242 1670 Pan
265 1611 336 1672 deus
358 1613 498 1673 Arcadiae
519 1614 612 1681 venit,
636 1631 721 1690 quem
744 1613 867 1671 vidimus
889 1612 943 1689 ipsi

180 1695 346 1772 sanguineis
369 1695 446 1755 ehuh
468 1695 550 1756 hacis
571 1695 717 1772 minioque
739 1694 903 1755 rubentem.

99 1767 106 1790 '
183 1780 297 1857 ‘ecquis
313 1780 367 1839 erit
381 1778 517 1839 modus?’
539 1780 641 1859 inquit.
666 1780 771 1838 ‘Amor
792 1796 851 1838 non
873 1777 940 1838 talia
964 1787 1060 1840 curat:

91 2189 111 2256 l,

87 2371 103 2420 2

179 1880 234 1922 nec
255 1863 382 1922 lacrimis
405 1862 531 1923 crudelis
552 1864 642 1922 Amor
664 1881 719 1922 nec
741 1863 871 1939 gramina
894 1862 961 1921 rivis

178 1963 232 2005 nec
254 1947 344 2024 cytiso
367 1953 534 2007 saturantur
556 1964 625 2023 apes
647 1964 702 2006 nec
724 1946 829 2006 fronde
852 1944 999 2023 capellae’
1027 1959 1061 2011 30

76 2018 82 2037 '
181 2030 270 2088 tristis
292 2029 390 2090 atille
414 2038 526 2090 ‘tamen
549 2030 716 2099 cantabitis,
739 2029 880 2089 Arcades’
903 2030 998 2108 inquit

179 2113 341 2173 ‘montibus
362 2114 435 2174 haec
456 2114 575 2183 vostris,
598 2113 652 2173 soli
675 2120 793 2173 cantare
814 2113 900 2190 periti

175 2197 311 2257 Arcades.
350 2215 366 2255 ο
389 2197 459 2257 mihi
480 2204 542 2257 tum
565 2216 652 2274 quam
674 2196 800 2257 molliter
820 2215 885 2256 ossa
901 2196 1058 2273 quiescant,

179 2287 274 2341 vestra
297 2299 378 2342 meos
400 2281 468 2341 olim
491 2282 515 2340 si
536 2281 631 2342 fistula
654 2281 730 2341 dicat
752 2282 883 2340 amores!

177 2370 263 2443 atque
285 2364 394 2425 utinam
418 2384 452 2425 ex
474 2364 555 2425 vobis
576 2382 653 2426 unus
675 2365 820 2443 vestrique
842 2364 960 2427 inissem
1026 2380 1060 2432 35

180 2454 229 2507 aut
252 2455 349 2508 custos
371 2449 468 2526 gregis
491 2456 540 2508 aut
561 2455 692 2508 maturae
713 2449 819 2508 vinitor
841 2451 927 2509 uvae!

180 2537 259 2589 certe
281 2532 340 2589 sive
362 2532 432 2590 mihi
454 2529 562 2608 Phyllis
584 2532 643 2590 sive
666 2538 743 2590 esset
764 2532 902 2607 Amyntas

179 2629 229 2672 seu
253 2614 429 2690 quicumque
451 2614 534 2672 iuror
557 2613 635 2691 (quid
651 2620 728 2681 tuni,
752 2615 776 2671 si
791 2614 891 2672 luscus
905 2614 1060 2692 Amyntas?

180 2702 208 2755 ct
230 2697 330 2773 nigrae
351 2695 443 2756 violae
464 2703 532 2755 sunt
554 2703 583 2756 et
603 2696 731 2755 vaccinia
753 2697 856 2772 nigra),

113 2776 115 2780 ’
178 2797 294 2839 mecum
315 2779 391 2840 inter
412 2779 514 2840 salices
536 2781 612 2840 lenta
634 2778 688 2839 sub
711 2780 767 2840 vite
788 2781 912 2840 iaceret:
1025 2794 1060 2847 40

178 2869 255 2923 serta
277 2863 347 2923 mihi
368 2863 476 2943 Phyllis
497 2862 620 2942 legeret,
641 2871 771 2924 cautaret
792 2863 938 2943 Amyntas.

176 3030 224 3090 hic
246 3029 331 3109 gelidi
353 3031 462 3103 sontes,
484 3032 532 3093 hic
553 3030 649 3091 mollia
671 3038 770 3108 prata,
793 3031 906 3109 Lycori,

176 3113 225 3174 hic
246 3132 366 3175 nemus:
388 3116 435 3176 hic
456 3117 520 3192 ipso
541 3123 638 3176 tecum
661 3132 851 3176 consumerer
873 3133 951 3176 aevo.

177 3215 256 3258 nunc
277 3199 396 3258 insanus
417 3199 507 3258 Amor
529 3199 594 3259 duri
616 3216 663 3258 me
685 3198 784 3258 Martis
806 3199 948 3258 inarmis

177 3280 234 3340 tela
256 3283 331 3340 inter
353 3283 447 3342 media
469 3289 555 3360 atque
578 3282 713 3342 adversos
736 3282 845 3342 detinet
867 3281 979 3343 hostes.
1024 3294 1060 3346 45

178 3465 228 3505 nec
249 3459 277 3505 te
297 3452 433 3525 paeniteat
454 3452 576 3526 peeoris,
599 3450 686 3507 divine
708 3458 790 3524 poeta
1024 3457 1056 3513 ll
