2400 3878
371 724 413 799 r.
441 723 659 799 vnnomr
685 723 913 802 nononis

212 894 359 993 GE
419 895 463 991 Ο
521 896 568 991 R
629 896 674 992 G
733 897 758 992 l
817 897 855 994 O
914 897 959 994 Ο
1018 897 1067 994 N

485 1070 600 1126 LIBER
640 1070 810 1126 TERTIVS

559 1238 711 1248 ———-

177 1385 220 1446 Te
242 1403 373 1465 quoque.
396 1403 502 1463 magna
524 1384 623 1455 Pales,
647 1393 676 1446 et
697 1392 725 1446 te
747 1385 936 1446 memorande
958 1402 1103 1447 canemus

136 1477 236 1547 pastor
258 1469 295 1530 ab
316 1471 496 1549 Amphryso,
519 1488 585 1538 vos,
609 1468 697 1530 silvae
718 1487 877 1547 amnesque
897 1469 1013 1548 Lycaei.

136 1560 233 1613 cetera
256 1571 329 1631 quae
352 1572 457 1615 vacuas
480 1556 640 1614 tenuissent
662 1554 791 1614 carmine
813 1560 934 1621 mentes,

136 1639 231 1695 omnia
257 1637 314 1696 iam
336 1637 463 1715 volgata:
487 1640 551 1720 quis
573 1645 623 1697 aut
644 1636 806 1714 Eurysthea
830 1637 936 1697 durum

136 1726 185 1781 aut
206 1717 345 1779 inlaudati
367 1722 460 1780 nescit
481 1720 623 1780 Busiridis
645 1722 727 1779 aras?
1129 1730 1148 1782 ⁶

136 1803 204 1880 quoi
225 1820 285 1862 non
307 1803 402 1863 dictus
424 1803 512 1882 Hylas
533 1821 608 1881 puer
630 1811 658 1862 et
679 1803 799 1864 Latonia
821 1804 909 1864 Delos

136 1885 376 1965 Hippodameque
397 1904 558 1965 umeroque
580 1886 685 1964 Pelops
707 1888 828 1966 insignis
851 1888 972 1959 eburno,

136 1987 205 2030 acer
227 1971 326 2050 equis?
362 1972 529 2048 temptanda
552 1973 638 2041 viast,
662 1989 718 2049 qua
741 1989 788 2031 me
811 1990 928 2050 quoque
949 1973 1061 2050 possim

135 2052 238 2114 tollere
262 2054 352 2115 humo
374 2055 524 2132 victorque
546 2057 640 2115 virum
663 2054 782 2115 volitare
804 2073 858 2134 per
880 2074 941 2117 ora.

134 2138 248 2216 primus
270 2155 325 2214 ego
347 2140 377 2198 in
399 2141 523 2216 patriam
545 2158 678 2206 mecum,
701 2140 789 2199 modo
812 2140 868 2200 vita
891 2140 1027 2218 supersit,
1118 2155 1155 2210 lo

134 2221 227 2282 Aonio
249 2222 365 2282 rediens
388 2222 530 2283 deducam
552 2225 660 2283 vertice
682 2240 795 2292 musas:

136 2306 250 2383 primns
272 2306 424 2366 ldumaeas
445 2306 571 2368 releram
594 2306 659 2376 tibi,
682 2306 814 2376 Mantua,
837 2304 957 2384 palmas,

136 2396 166 2449 et
187 2389 271 2450 viridi
292 2392 321 2452 in
345 2408 448 2469 campo
470 2390 611 2470 templum
634 2391 671 2451 de
692 2408 839 2452 marmore
861 2407 968 2468 ponam

134 2480 256 2552 propter
277 2493 398 2553 aquam,
421 2475 512 2536 tardis
533 2477 637 2554 ingens
658 2475 709 2536 ubi
730 2473 855 2536 flexibus
877 2479 955 2535 errat

134 2556 257 2619 llincius
280 2567 308 2619 et
329 2566 429 2620 tenera
453 2561 595 2638 praetexit
616 2559 779 2621 harundine
800 2559 888 2636 ripas.
1116 2573 1155 2628 15

133 2642 163 2701 in
186 2642 282 2702 medio
305 2643 374 2703 mihi
398 2643 504 2705 Caesar
527 2645 581 2704 erit
602 2643 801 2722 templumque
823 2642 948 2703 tenebit.

134 2721 174 2783 illi
196 2726 288 2785 victor
311 2743 365 2801 ego
388 2734 417 2786 et
438 2726 526 2806 Tyrio
549 2733 723 2802 conspectus
745 2726 774 2783 in
798 2734 877 2784 ostro

134 2815 252 2867 centum
275 2809 463 2885 quadriiugos
485 2807 600 2885 agitabo
622 2809 658 2868 ad
681 2807 800 2867 flumina
823 2825 938 2868 currus.

133 2898 238 2950 cuncta
261 2891 332 2950 mihi
353 2890 496 2968 Alpheum
519 2889 653 2968 linquens
674 2890 814 2968 lucosque
836 2890 978 2952 Molorchi

133 2973 269 3034 cursibus
292 2981 320 3033 et
342 2974 433 3033 crudo
456 2974 594 3034 decernet
616 2974 737 3035 Graecia
760 2981 867 3034 caestu.
1115 2988 1155 3044 no

133 3058 196 3133 ipse
218 3064 307 3134 caput
327 3064 430 3118 tonsae
451 3056 526 3117 loliis
548 3065 668 3117 ornatus
691 3056 781 3116 olivae

134 3138 211 3199 dona
234 3139 335 3200 ieram.
380 3142 437 3201 iam
459 3158 537 3202 nunc
559 3139 706 3201 sollemnis
729 3139 837 3202 ducere
859 3159 982 3220 pompas

133 3221 170 3282 ad
191 3222 312 3284 delubra
334 3225 412 3286 iuvat
434 3242 592 3302 caesosque
615 3225 713 3285 videro
735 3226 872 3285 iuvencos

133 3303 179 3366 rel
199 3324 304 3368 scaena
327 3314 359 3368 ut
381 3309 471 3368 versis
494 3308 623 3368 discedat
645 3307 790 3368 frontibus
812 3318 902 3387 utque

133 3406 282 3468 purpurea
304 3392 405 3452 intexti
426 3390 529 3452 tollant
550 3391 650 3452 aulaea
674 3391 813 3453 Britanni.
