2400 3878
416 222 559 270 vnnorm
580 221 719 271 noceor
738 224 780 270 111
1084 213 1104 275 5

221 375 325 437 addam
341 393 426 437 cerea
440 394 549 453 pruna:
577 377 672 437 honos
695 377 750 438 erit
771 376 840 437 huic
862 396 980 456 quoque
1002 397 1104 457 pomo:

221 466 250 520 et
270 477 335 528 vos,
359 477 376 519 o
399 458 487 528 lauri,
511 479 628 539 carpam
652 468 680 521 et
701 468 745 528 te,
768 478 911 537 proxuma
933 469 1036 543 myrte‚

219 544 260 603 sie
282 544 393 621 positae
412 545 548 622 quoniam
570 544 665 604 suavis
686 545 814 604 miscetis
836 545 951 605 odores.
1071 557 1105 612 55

217 626 353 687 Rusticus
376 645 421 695 es,
445 626 594 706 Corydon:
616 646 672 690 nec
693 645 815 688 munera
838 635 922 688 curat
943 627 1048 698 Alexis,

219 728 290 779 nec,
314 711 338 769 si
360 711 532 771 muneribus
554 721 663 781 certes,
687 711 828 772 concedat
848 711 943 771 lollas

218 793 277 854 heu
299 793 370 854 heu!
399 795 468 872 quid
491 794 567 856 volui
588 798 696 856 misero
718 795 808 854 mihi?
829 795 952 856 floribus
974 804 1106 858 austrum

219 876 351 955 perditus
374 884 402 937 et
424 877 539 957 liquidis
560 880 656 939 inmisi
679 879 807 940 fontibus
829 897 925 956 apros.

224 961 317 1030 Quem
330 961 415 1037 iugis,
429 980 454 1032 a,
468 963 606 1023 demensi
618 962 787 1023 habitarunt
800 963 830 1022 di
843 981 960 1042 quoque
972 963 1057 1024 silvas
1072 975 1106 1029 60

221 1045 442 1122 Dardaniusque
463 1045 556 1106 Paris.
599 1046 693 1106 Pallas
715 1064 787 1123 quas
809 1047 938 1107 condidit
960 1065 1042 1108 arces

219 1129 282 1206 ipsa
304 1128 392 1190 colat:
415 1129 499 1190 nobis
521 1129 654 1208 placeant
675 1140 742 1190 ante
764 1131 859 1190 omnia
882 1130 979 1191 silvae.

217 1217 298 1273 torva
320 1211 421 1274 leaena
442 1212 544 1294 lupum
566 1216 713 1294 sequitur,
736 1213 823 1292 lupus
845 1215 907 1291 ipse
930 1213 1081 1293 capellam,

219 1295 374 1357 florentem
396 1297 518 1376 cytisum
540 1299 672 1376 sequitur
693 1298 798 1358 lasciva
821 1296 940 1375 capella,

220 1385 249 1439 te
262 1379 412 1459 Corydon,
433 1381 557 1441 ohlexi:
579 1382 669 1441 trahit
683 1400 735 1442 sua
752 1400 897 1459 quemque
912 1379 1055 1457 voluptas.
1071 1391 1104 1445 65

222 1461 342 1538 Aspice,
366 1471 461 1522 aratra
483 1465 552 1539 ingo
574 1464 706 1523 referunt
727 1481 869 1541 suspensa
891 1465 1014 1533 iuvenci,

220 1552 249 1604 et
270 1544 314 1604 sol
337 1548 495 1606 crescentis
517 1547 663 1606 decedens
684 1547 813 1622 duplicat
833 1545 963 1606 umbras.

220 1646 268 1688 me
289 1637 387 1690 tamen
409 1630 468 1689 urit
489 1647 587 1690 amor:
617 1630 681 1707 quis
696 1630 773 1689 enim
788 1627 892 1688 modus
907 1628 981 1689 adsit
995 1630 1106 1690 amorii

98 1792 104 1804 ι
179 1787 181 1791 .
220 1730 237 1771 a
260 1712 395 1791 Corydon
418 1712 567 1791 Corydon,
591 1731 665 1790 quae
687 1722 716 1772 te
738 1713 882 1772 dementia
906 1713 996 1789 cepit!

219 1797 391 1873 semiputata
412 1795 464 1853 tibi
487 1794 625 1854 frondosa
647 1796 711 1854 vitis
732 1796 762 1853 in
783 1795 863 1855 ulmo
886 1801 938 1854 est.
1071 1806 1106 1862 70

220 1879 290 1957 quin
311 1885 343 1937 tu
366 1877 473 1955 aliquid
495 1876 597 1938 saltem
619 1880 733 1954 potius
757 1896 883 1956 quorum
900 1878 1010 1957 indiget
1024 1897 1103 1949 usus,

218 1961 374 2021 viminibus
396 1960 534 2039 mollique
555 1978 642 2037 paras
664 1962 803 2022 detexere
824 1962 932 2021 iunco?

219 2044 348 2105 invenies
370 2042 473 2115 alium,
495 2045 520 2102 si
542 2052 571 2104 te
592 2043 641 2105 hic
663 2043 784 2114 fastidit,
808 2045 928 2106 Alexim.

499 2211 701 2220 ———...-

568 2352 632 2437 lll

271 2515 452 2566 mlum.
502 2516 686 2566 DAMOETM.
736 2515 922 2566 smmum.

221 2617 265 2676 M.
288 2615 341 2675 bic
362 2614 448 2682 mihi,
471 2614 625 2684 Damoeta,
648 2616 747 2675 cuium
768 2615 879 2691 pecus?
901 2632 938 2674 an
953 2614 1105 2686 Meliboei?

220 2700 257 2758 D.
280 2697 360 2765 Non,
384 2715 485 2758 verum
499 2698 641 2774 begonis3
664 2715 758 2774 nuper
772 2697 843 2757 mihi
859 2698 977 2758 tradidit
994 2701 1104 2777 degon.

223 2782 266 2841 M.
290 2779 393 2841 infelix
415 2799 433 2840 o
455 2799 573 2858 semper
594 2783 654 2842 ovis
675 2782 778 2860 pecus!
801 2782 863 2861 ipse
884 2781 1028 2845 Neaeram

220 2864 291 2926 dum
313 2864 391 2925 fovet
412 2883 447 2926 ac
467 2883 505 2926 ne
526 2884 574 2927 me
595 2865 649 2926 sibi
671 2866 818 2943 praeferat
838 2865 886 2926 illa
908 2876 1034 2938 veretur,

220 2949 269 3010 bic
290 2947 402 3010 alienus
424 2950 484 3009 ovis
507 2957 605 3010 custos
626 2949 671 3010 bis
693 2949 803 3026 mulget
823 2949 854 3009 in
875 2949 966 3019 hora;
1087 2962 1104 3015 5

222 3040 250 3094 et
271 3050 360 3093 sucus
381 3035 483 3110 pecori
506 3042 534 3094 et
555 3032 600 3094 lac
621 3033 795 3094 subducitur
816 3034 908 3109 agnis.

219 3117 257 3178 D.
279 3115 400 3178 Parcius
421 3119 476 3178 ista
497 3117 565 3177 viris
586 3125 684 3178 tamen
706 3117 857 3178 obicienda
879 3125 1036 3179 memento.

219 3200 353 3260 novimus
375 3207 404 3261 et
425 3201 474 3279 qui
495 3207 525 3261 te
545 3208 711 3262 transversa
731 3201 882 3261 tuentibus
904 3201 1026 3279 hirquis,

222 3290 251 3344 et
271 3302 330 3361 quo
355 3317 389 3328 -
414 3283 466 3344 sed
480 3283 579 3344 faciles
600 3284 746 3364 nymphae
766 3285 860 3345 risere
885 3317 920 3327 —
944 3284 1061 3345 sacello.

220 3366 264 3426 M.
286 3365 376 3438 Tum,
394 3369 498 3438 eredo,
516 3386 583 3428 cum
598 3386 645 3428 me
660 3366 811 3426 arbustum
828 3368 925 3428 videre
936 3369 1056 3429 Miconis
1071 3379 1105 3431 lo

222 3452 309 3526 atque
329 3449 407 3512 mala
429 3451 493 3512 vitis
514 3451 643 3511 incidere
665 3448 738 3510 falce
759 3450 899 3512 novellas.
