2400 3878
143 195 204 257 330
478 204 619 252 venerer
637 204 762 252 annum
778 205 814 250 xr

143 367 281 438 ingruere
304 361 433 421 infensos
455 360 547 419 hostis
569 367 597 418 et
618 359 710 419 Marte
731 357 859 418 seeundo

144 449 240 505 omnia
264 445 449 522 corripuisse.
470 449 581 502 metum
603 443 660 502 iarn
680 441 716 501 ad
737 442 851 501 moenia
873 442 953 501 terri.

143 529 191 587 ille
214 530 314 588 furens
338 529 377 602 (et
399 544 484 587 saeva
507 526 581 585 iovis
603 527 645 585 sie
668 526 787 585 numina
811 523 931 602 pellunt)

144 612 252 672 deserit
275 610 410 670 obsessos
433 607 524 678 cellis,
548 626 669 668 nemora
691 625 794 685 aspera
816 607 927 686 linquit.

143 697 189 754 vix
212 712 228 753 e
251 703 410 771 conspectu
432 694 541 753 exierat
563 710 756 770 campumque
777 691 902 758 tenebat,

144 796 210 837 eum
232 788 314 855 pater
336 781 448 837 Aeneas
469 773 559 836 saltus
581 778 730 852 ingressus
753 784 871 854 apertos

144 869 358 940 exsuperatque
379 861 479 937 iugum
503 858 629 937 silvaque
652 860 746 918 evadit
768 877 868 938 opaea.

144 943 290 1004 sicambe
313 944 349 1004 ad
372 962 472 1003 mures
495 941 587 1020 rapidi
611 949 729 1019 totoque
751 942 887 1003 feruntur

144 1028 259 1102 agmine
282 1044 337 1086 nec
357 1025 450 1101 longis
471 1028 547 1086 inter
567 1043 598 1085 se
620 1023 752 1103 passibus
774 1024 893 1095 absunt;

144 1129 177 1170 ac
200 1109 284 1169 simul
307 1113 418 1168 Aeneas
441 1109 578 1169 fumantis
601 1107 720 1186 pulvere
743 1128 861 1187 campos

145 1194 293 1270 prospexit
313 1191 399 1270 longe
422 1193 636 1266 Laurentiaque
659 1193 774 1268 agmina
795 1193 875 1267 vidit,

145 1287 174 1335 et
196 1293 312 1335 saevom
332 1278 449 1336 Aenean
472 1276 607 1351 adgnovit
629 1276 745 1334 Turnus
768 1277 798 1335 in
820 1278 908 1337 armis

144 1359 356 1437 adventumque
378 1359 486 1436 pedum
504 1358 647 1436 [latusque
670 1359 778 1418 audivit
801 1379 954 1438 equorum.

145 1443 340 1520 continuoque
362 1444 459 1503 ineant
477 1460 589 1520 pugnas
612 1452 640 1501 et
661 1442 770 1518 proelia
792 1450 942 1521 temptent,

145 1543 173 1584 m
192 1543 294 1586 roseus
313 1527 406 1586 fessos
426 1528 483 1586 iam
506 1528 620 1604 gurgite
642 1525 777 1585 Phoebus
799 1527 908 1586 Hibero

145 1611 257 1684 tinguet
279 1627 368 1688 equos
390 1619 564 1687 noctemque
585 1609 631 1669 die
653 1608 769 1670 labente
791 1610 924 1670 reducat:

146 1693 300 1752 conuidunt
323 1695 425 1752 castris
447 1703 513 1752 aute
537 1692 642 1753 urbem
665 1701 693 1751 et
714 1694 827 1752 nioenia
851 1691 964 1754 vallant.
