2400 3878
92 207 192 255 XXXII
402 205 450 251 DE
472 202 554 251 VITA
575 203 619 250 ΕΤ
642 201 793 250 scatente

93 364 167 422 raula
188 363 303 438 quodam
324 364 380 418 sive
396 364 528 436 Antigene
548 353 775 432 atrebatarum).
804 359 929 415 sedante
945 356 1020 421 illos.
1041 359 1095 431 prl-

94 463 206 522 usquam
222 464 236 502 a
251 446 442 520 grammaticis.
458 445 599 501 rhetoricis
614 446 780 519 poeticisque
792 443 986 499 adulescentiae
1000 440 1095 496 studiis

92 532 126 586 ad
141 528 339 604 philosophiam
360 530 499 591 transiret.
520 527 635 584 coluisse
650 529 798 591 formosos,
818 527 890 582 iuter
905 541 972 599 quos
989 525 1096 580 Sextus

93 614 218 671 Sabinus
239 613 344 686 quidam
363 612 475 668 maxime
495 611 569 668 cordi
589 620 660 674 erat,
680 612 804 685 arguitur
823 609 899 666 catal.
916 608 958 663 Vll
974 625 998 663 a.
1017 608 1091 679 6sq.

98 704 236 770 praeterea
251 713 283 751 en
299 695 394 750 iamilia
409 694 523 750 llaronIs
538 696 659 750 novimus
675 696 790 751 Erotem
805 693 939 749 librarium
955 698 982 746 et
1001 698 1096 763 postea

94 779 229 842 libertum,
246 781 292 851 qui
306 794 388 834 senex
403 785 593 850 postmortem
608 777 708 834 domini
723 779 830 833 criticos
842 775 984 832 mendaciis
999 773 1097 829 lusisse

95 855 240 932 videtur2).

178 944 301 1000 Ceterum
321 951 432 1018 propter
447 945 595 1000 castitatem
610 961 624 1000 a
643 944 851 1016 Parthenopaeis
866 941 1013 1014 appellatus
1035 939 1097 994 Par·

98 1028 201 1083 thenias
216 1044 320 1083 morum
341 1025 474 1101 probitate
489 1036 517 1083 et
538 1028 653 1084 caudore
668 1028 748 1082 animi
767 1027 943 1100 plurimorum
963 1023 1011 1079 sibi
1033 1039 1097 1079 cou-

95 1111 193 1167 ciliavit
207 1113 346 1166 amicitiam
361 1118 388 1166 et
402 1104 558 1183 savorem³).
588 1111 704 1184 Augusti
719 1117 817 1182 quauta
837 1108 935 1163 fruitus
950 1115 1022 1163 esset
1038 1122 1097 1180 gra-

97 1195 132 1250 tia
148 1194 278 1266 epistulae
298 1195 466 1266 imperatoris
482 1193 514 1247 ad
535 1210 596 1249 eum
617 1193 692 1248 datae
707 1183 916 1261 testabantur⁴),
938 1206 990 1262 qua
1009 1198 1097 1244 tamen

96 1293 162 1334 usus
183 1294 237 1332 nou
261 1286 302 1332 est
323 1276 355 1331 ad
380 1275 484 1331 divitias
510 1292 559 1349 per
578 1275 701 1331 invidiam
721 1276 897 1347 iniuriamque
917 1272 1096 1335 cumulandas,

96 1365 177 1417 immo
192 1358 263 1416 bona
277 1359 407 1415 exulantis
423 1359 559 1414 cuiusdam
575 1358 662 1415 oblata
677 1357 769 1414 abillo
785 1374 840 1413 uon
854 1349 994 1429 accepit⁶).
1029 1356 1098 1429 pari·

98 1452 140 1499 ter
159 1460 189 1499 ac
204 1444 296 1498 Varius
317 1451 344 1498 et
364 1441 490 1497 lloratius
505 1441 649 1498 Maecenati
669 1441 796 1504 dilectus.
818 1441 871 1496 illis
887 1447 975 1496 autem
989 1441 1055 1512 ipsis
1071 1447 1097 1492 et

98 1527 187 1582 Plotio
208 1527 311 1582 'luccae
331 1525 415 1599 longe
436 1527 670 1582 coriiunctissimus
678 1519 700 1597 ⁶)
720 1534 807 1582 tumen
822 1542 877 1580 nou
891 1526 913 1579 is
932 1531 1001 1584 erat,
1022 1522 1098 1577 cuius

165 1653 188 1717 ¹)
206 1659 266 1703 ‘aut
290 1663 418 1717 pastorem
441 1658 563 1720 quendam
587 1656 778 1718 pulcherrimum
800 1656 863 1704 dicit
888 1660 931 1702 aut
955 1653 1098 1702 choraulam

94 1721 234 1783 siginificat,
253 1736 323 1785 quem
340 1723 440 1782 lepimus
452 1723 583 1770 admodum
594 1738 610 1770 a
625 1722 733 1785 Vispillo
747 1722 828 1781 fuisse
840 1722 969 1768 dilectam’
987 1718 1100 1767 Servius

104 1786 139 1834 ad
158 1785 208 1834 ecl.
226 1785 251 1835 V
268 1788 309 1836 89.
337 1789 487 1849 ‘Antipeaes
505 1789 604 1851 quidam
620 1795 722 1849 pastor,
746 1789 880 1850 allepomce
898 1786 1045 1846 Cornificius
1061 1787 1101 1832 vel

102 1854 246 1903 Antonias'
265 1851 347 1902 schol.
366 1854 445 1901 Bern.
464 1852 499 1902 ad
516 1852 534 1901 l.
553 1853 572 1902 l.

165 1917 186 1980 ²)
206 1918 326 1969 ‘Erotem
347 1919 474 1968 librarium
497 1927 522 1969 el
543 1919 671 1968 liberaam'
699 1917 736 1980 (et
764 1918 875 1967 libertum
899 1915 999 1965 desunt
1025 1914 1099 1980 apud

99 1985 252 2050 Hagennm)
276 1989 345 2035 ‘eius
367 1992 475 2035 exactae
500 1990 549 2036 iam
574 1987 710 2036 senectutis
736 1988 841 2033 tradant
866 1985 967 2045 referre
993 1985 1099 2040 solitum,

97 2055 223 2117 quondam
240 2069 293 2102 eum
310 2055 336 2102 ia
352 2054 484 2102 recitando
501 2054 566 2102 duos
576 2054 720 2102 &radiatos
737 2067 823 2101 uersus
841 2052 977 2114 complesse
995 2067 1030 2100 ea
1042 2058 1100 2099 tem-

98 2135 171 2184 pore.
206 2135 262 2168 nam
279 2135 332 2169 cum
348 2120 469 2168 haetenus
486 2120 603 2169 babmet:
626 2119 778 2168 “Misenum
794 2118 953 2174 Aeolidea'’,
976 2120 1100 2168 adiecisse

100 2191 175 2250 “quo
198 2201 248 2236 aaa
268 2187 445 2249 praestantior
465 2189 569 2242 alter”,·
594 2189 699 2250 itemque
724 2187 781 2234 duic
802 2189 891 2234 “aere
913 2186 981 2234 ciere
1004 2186 1099 2234 oiros’'

97 2254 173 2302 simili
189 2255 274 2302 calore
292 2257 381 2302 eletaam
397 2253 557 2302 subiunxi-sse
575 2253 759 2317 “Martemque
771 2255 911 2302 accendere
923 2254 1031 2313 caatu,’'
1049 2258 1097 2299 sta·

98 2321 190 2382 diraque
210 2319 260 2367 sibi
280 2320 418 2382 insperante
439 2326 466 2368 at
492 2326 621 2384 utrumque
643 2321 759 2370 uolumini
778 2319 950 2368 adscriberet’
974 2319 1100 2367 Donatus

102 2401 127 2449 p.
148 2387 181 2434 63
197 2385 231 2437 R.
248 2384 283 2434 cf.
302 2384 412 2435 Servius
430 2385 465 2434 ad
482 2386 549 2436 Aen.
562 2386 601 2437 VI
618 2387 674 2436 166.
698 2385 732 2435 de
749 2386 802 2436 hac
820 2384 914 2436 fabula
932 2384 997 2448 qnid
1015 2389 1102 2433 statu·

102 2451 203 2501 endum
220 2450 347 2502 videatur
365 2451 421 2501 dixi
437 2451 467 2500 in
484 2452 606 2518 prolegg.
625 2455 657 2504 63
675 2467 714 2516 sq.

167 2517 188 2583 ³)
207 2523 309 2568 ‘cetera
326 2534 388 2569 sane
405 2520 471 2569 uitae
489 2527 514 2569 et
530 2519 598 2570 more
615 2527 641 2568 et
658 2522 740 2570 aalma
757 2518 927 2583 lampredam
944 2523 1057 2574 canstat,
1075 2524 1102 2566 ut

101 2585 211 2650 Neapoli
226 2587 381 2636 Parthenias
397 2589 468 2650 culpo
486 2590 630 2651 appellatae
646 2589 701 2638 sit.’
719 2586 846 2636 Donatus
864 2602 889 2649 p.
902 2587 934 2636 b'l
952 2584 1102 2648 (inquibus

100 2669 169 2703 aiore
182 2654 280 2718 scripsi
297 2669 345 2718 pro
358 2669 411 2710 ore,
430 2652 501 2716 quod
517 2669 571 2704 non
588 2652 731 2718 intellego.
751 2655 835 2718 proba
847 2653 928 2704 Bern.
941 2669 975 2704 m.
989 2653 1012 2712 1,
1030 2649 1102 2699 uude

101 2720 234 2784 probatum
246 2722 308 2770 coni
318 2718 435 2784 Hagen.)
449 2722 529 2771 ‘adeo
539 2728 619 2770 autem
630 2723 853 2772 verecundissimus
863 2722 925 2782 suit,
943 2726 970 2768 ut
982 2734 1016 2767 em
1027 2718 1101 2766 mori-

98 2787 147 2834 dus
158 2802 291 2848 cognomen
302 2788 441 2850 acceperit’
455 2784 506 2847 (sic
518 2788 549 2844 P,
561 2790 691 2852 acciperet
702 2787 788 2852 rell.):
806 2792 873 2835 ‘uam
890 2788 971 2834 dictus
986 2789 1024 2832 est
1035 2783 1101 2830 Par·

99 2853 212 2909 tilerias,
231 2855 296 2902 amai
311 2854 363 2902 uita
378 2850 514 2915 probatus‘
534 2852 645 2905 Servius
662 2855 690 2903 in
708 2856 775 2906 vita.
807 2853 983 2902 ‘Parthenium
1000 2849 1101 2897 dictum

103 2933 188 2968 causa
205 2918 330 2982 pudoris’
348 2919 485 2968 Ausonius
505 2920 535 2968 in
557 2922 679 2971 centonis
697 2920 828 2986 nuptialis
845 2918 952 2982 epilogo
970 2915 1102 2979 appellat.

168 2983 191 3049 4)
208 2987 335 3035 Donatus
351 3001 378 3049 p.
392 2986 437 3047 61,
457 2987 488 3034 14
499 2988 546 3050 R„
565 2989 721 3039 Macrobius
738 2989 796 3037 Sat.
816 2985 890 3045 124,
910 2985 955 3044 11,
976 2981 1101 3045 dialogus

101 3051 137 3101 de
155 3056 223 3101 orat.
244 3055 287 3108 13,
312 3067 378 3116 qnos
402 3052 476 3102 locos
493 3068 575 3118 supra
594 3055 735 3119 exscripsi.
772 3054 903 3115 ‘diastolas
921 3051 989 3098 tenui
1006 3048 1103 3097 Caesar

101 3121 236 3182 scripsisse
254 3119 371 3168 Maroai’
392 3118 559 3170 Claudianus
578 3123 657 3187 epist.
675 3121 710 3169 ad
728 3118 870 3183 Olybrium
881 3132 907 3165 v.
920 3118 960 3166 23.
984 3115 1013 3163 in
1027 3113 1104 3163 Cam-

104 3186 187 3250 pania
200 3187 377 3237 commoranti
389 3187 491 3250 scripta
504 3193 547 3238 est
558 3188 676 3252 epistula
690 3187 766 3235 cuius
783 3199 873 3249 pauca
884 3183 969 3232 verba
981 3181 1103 3232 servavit

103 3252 261 3303 Priscianus
278 3269 304 3318 p.
318 3256 366 3304 901
386 3257 571 3305 ‘excumarristi
586 3273 603 3305 a
620 3249 747 3317 Neapoli)

170 3318 191 3383 ⁶)
210 3320 290 3370 ‘bona
307 3328 389 3370 autem
406 3323 532 3371 cuiusdam
549 3322 676 3372 exulantis
693 3319 816 3383 offerente
829 3317 943 3380 Aupuslo
961 3330 1010 3364 noa
1027 3316 1102 3364 surti-

101 3388 157 3438 uuit
174 3390 304 3452 accipere’
323 3389 448 3438 Donatus
466 3403 492 3452 p.
510 3389 556 3451 bl,
575 3390 604 3437 11
617 3389 650 3438 R.

169 3453 193 3516 ⁶)
213 3459 256 3504 ‘at
273 3470 352 3520 aeque
370 3456 526 3504 dedecorant
541 3461 585 3505 tau
603 3457 678 3504 dese
695 3453 789 3503 iudicia
806 3457 881 3515 atque
898 3449 1022 3507 Munera,
1040 3461 1103 3514 ‚tuae
