2400 3878
507 231 631 280 GULEX.

70 387 112 450 illi
133 386 218 446 laude
239 404 291 446 sua
313 387 444 463 vigeant:
468 404 522 464 ego
544 385 617 445 Ditis
639 403 745 463 opacos

71 489 160 549 cogor
182 469 263 530 adire
285 469 380 538 lacus,
403 488 523 540 vacuos,
546 487 576 539 a,
600 468 709 528 lumine
730 467 851 536 Phoebi,

70 562 100 615 et
121 560 233 614 vastum
255 551 469 630 Phlegethonta
490 553 566 631 pati,
589 570 661 630 quo,
684 554 810 612 maxime
832 551 935 620 Minos,

70 637 268 698 conscelerata
290 639 338 715 pia
361 636 503 696 discernis
524 635 638 695 vincula
658 635 737 696 sede.

71 739 141 798 ergo
163 722 221 780 iam
245 737 362 780 causam
384 720 501 789 mortis,
523 720 582 779 iam
605 719 704 779 dicere
726 721 802 778 vitae

70 803 242 864 verberibus
263 821 364 863 saevae
387 812 495 879 cogunt
514 801 570 862 sub
592 803 688 862 iudice
709 802 834 870 Poenae,

71 906 137 947 cum
159 887 232 947 mihi
253 895 285 947 tu
307 888 346 946 sis
368 904 454 945 causa
476 885 545 944 mali
566 903 622 945 nec
644 887 778 945 conscius
799 884 885 944 adsis.

70 970 122 1029 sed
145 978 176 1029 tu
197 969 354 1029 mobilibus
376 971 455 1030 curis
476 970 549 1029 haec
570 970 717 1029 inmemor
740 970 829 1036 audis,

71 1060 221 1121 ettamen
243 1055 297 1113 etsi
318 1053 415 1122 audis,
440 1053 567 1113 dimittes
590 1055 688 1112 omnia
709 1055 803 1113 ventis

72 1143 100 1196 et
121 1155 186 1196 mea
208 1136 326 1197 diffusas
348 1138 500 1216 rapientur
523 1137 599 1196 dicta
620 1154 675 1214 per
697 1154 792 1198 auras.

71 1219 220 1296 digredior
242 1226 401 1298 numquam
422 1221 587 1281 rediturus:
610 1229 642 1281 tu
665 1220 728 1281 cole
749 1219 838 1281 lontis

71 1309 100 1361 et
121 1302 223 1362 viridis
250 1320 404 1363 nemorum
427 1304 513 1365 silvas
536 1311 565 1364 et
585 1323 693 1382 pascua
716 1304 832 1364 laetus.'

71 1385 143 1444 dixit
165 1392 194 1444 et
216 1392 347 1445 extrema
368 1387 460 1446 tristis
482 1405 549 1446 cnm
570 1405 641 1446 voce
664 1389 794 1447 recessit.

111 1468 197 1527 Hunc
217 1467 260 1526 ibi
282 1466 438 1527 sollicitum
461 1469 570 1527 dimisit
590 1470 697 1528 inertia
718 1471 801 1539 vitae,

70 1553 193 1611 interius
215 1552 341 1628 graviter
362 1560 572 1628 regemuntem.
596 1569 651 1611 neo
673 1550 739 1611 tulit
759 1553 835 1613 ultra

71 1634 206 1695 sensibus
228 1634 356 1694 inlusum
379 1633 481 1694 culicis
504 1635 540 1694 de
562 1641 657 1694 morte
680 1634 827 1697 dolorem:

71 1726 337 1797 quantumcumque
359 1716 415 1778 sibi
436 1720 513 1778 vires
535 1717 667 1779 tribuere
689 1718 797 1779 seniles

72 1801 146 1881 (quis
168 1809 266 1862 tamen
287 1801 425 1861 infestum
446 1820 581 1879 pugnans
603 1803 750 1863 devicerat
771 1804 904 1887 hostem),

70 1887 164 1951 rivum
185 1893 307 1964 propter
329 1903 421 1964 aquae
442 1887 528 1946 viridi
549 1885 602 1946 sub
625 1886 730 1947 fronde
751 1886 890 1951 latentem

70 1969 256 2029 conformare
278 1968 375 2029 locum
398 1971 475 2047 capit
501 1971 637 2049 impiger.
650 1972 729 2031 hunc
751 1980 780 2033 et
801 1975 832 2033 in
855 1975 956 2035 orbem

71 2053 197 2113 destinat
219 2072 252 2114 ac
274 2053 348 2112 lerri
370 2053 505 2131 capulum
528 2056 662 2132 repetivit
682 2057 713 2115 in
736 2075 829 2128 usum,

71 2139 252 2215 gramineam
275 2145 307 2197 ut
328 2136 414 2197 viridi
435 2137 550 2198 foderet
572 2138 607 2197 de
631 2140 760 2216 caespite
782 2146 908 2198 terram:

70 2221 128 2281 iam
150 2239 264 2282 memor
285 2223 436 2300 inceptum
458 2239 603 2299 peragens
625 2222 680 2281 sibi
703 2241 772 2282 cura
794 2222 925 2282 lahorem

70 2313 241 2381 congestum
265 2303 420 2365 cumulavit
442 2323 529 2382 opuS,
552 2312 639 2383 atque
661 2323 768 2382 aggere
789 2304 880 2365 multo

70 2386 183 2446 telluris
205 2387 332 2446 tumulus
354 2387 511 2446 formatum
534 2389 625 2446 crevit
645 2389 676 2446 in
699 2387 810 2447 orbem.

70 2488 157 2548 quem
181 2471 291 2527 circum
306 2468 433 2545 lapidem
455 2467 510 2526 levi
533 2468 569 2527 de
591 2487 739 2529 marmore
761 2469 891 2527 formans
938 2480 942 2489 ’

71 2552 212 2619 conserit,
236 2549 372 2609 adsiduae
395 2566 483 2608 curae
505 2568 628 2609 memor.
650 2552 699 2610 hic
721 2559 750 2612 et
771 2549 910 2612 acanthos

71 2642 99 2693 et
121 2651 187 2692 rosa
208 2650 357 2710 purpureo
380 2648 515 2691 crescens
536 2631 706 2709 pudibunda
728 2633 835 2693 rubore

71 2723 100 2776 et
122 2715 213 2775 violae
235 2732 322 2774 omne
344 2732 450 2792 genUS,
473 2715 521 2774 hio
544 2721 631 2774 estet
652 2715 787 2775 Parthica
810 2723 921 2795 myrtus

71 2806 157 2878 atque
179 2798 353 2876 hyacinthus
375 2805 405 2856 et
426 2798 474 2857 hic
497 2796 579 2857 Cilici
601 2814 705 2857 crocus
727 2798 822 2859 editus
844 2817 921 2868 arvo,

70 2882 170 2944 laurus
191 2884 262 2942 item
284 2881 396 2942 Phoebi
417 2898 541 2958 surgens
563 2879 665 2950 decus,
689 2882 737 2940 hic
759 2882 970 2962 rhododaphne

71 2966 188 3046 liliaque
210 2974 239 3026 et
259 2967 336 3026 roris
360 2983 418 3025 non
440 2966 502 3024 avia
525 2963 611 3025 turba
632 2967 739 3024 marini

72 3050 221 3129 herbaque
243 3052 317 3110 turis
339 3069 409 3128 opes
431 3050 536 3127 priscis
556 3050 667 3109 imitata
690 3049 805 3110 Sabinis

72 3133 320 3212 chrysanthesque
342 3134 526 3212 hederaeque
549 3136 625 3192 nitor
648 3133 774 3212 pallente
796 3134 935 3212 corymbo
1026 3141 1076 3192 405

73 3223 101 3274 ct
122 3215 252 3275 bocchus
272 3216 380 3295 Libyae
402 3218 480 3294 regis
502 3235 630 3285 memor;
653 3218 701 3276 hic
723 3217 910 3277 amaranthus

71 3298 280 3377 bumastusque
302 3301 398 3360 virens
420 3308 450 3359 et
470 3318 587 3380 semper
608 3300 711 3360 llorida
733 3303 826 3375 tinusy

73 3401 130 3442 non
153 3381 234 3442 illinc
256 3384 402 3442 narcissus
424 3383 519 3453 abest,
543 3402 559 3443 c
612 3382 706 3461 gloria
727 3386 839 3446 formae

73 3468 141 3542 igne
163 3465 324 3544 Cupidineo
345 3468 482 3546 proprios
504 3468 612 3527 exarsit
632 3469 663 3530 in
686 3477 781 3540 artus;
