2400 3878
138 174 180 235 42
281 217 285 225 .
432 181 576 229 vesunu
598 180 800 230 uuonulcou
823 182 849 228 11

138 343 255 403 discere
277 358 364 419 quam
386 337 496 399 multae
518 337 646 415 zephyro
668 336 825 397 turbentur
846 335 984 403 harenae,

137 434 186 485 aut
209 424 260 486 ubi
283 424 405 501 navigiis
428 421 582 482 violentior
604 420 707 480 incidit
729 439 828 491 eurus,
893 462 896 469 -

137 528 222 571 nosse
246 518 317 585 quot
339 508 413 567 lonii
436 507 554 566 veniant
575 504 610 564 ad
633 486 721 563 111011
743 504 858 565 lluctus.

179 592 276 664 Quare
299 593 375 669 agite
398 609 415 650 0
438 590 575 669 proprios
597 589 760 666 generatim
783 588 887 649 discite
909 585 1014 655 cultus,

137 678 296 755 agricolae,
321 677 493 751 fructusque
515 673 594 732 leros
616 671 727 733 mollite
750 670 883 741 colendo,

136 779 195 823 neu
217 777 323 837 segnes
345 760 458 819 iaceant
480 766 587 818 terrae.
624 757 705 816 iuvat
726 755 837 816 lsmara
859 753 972 815 baccho

136 862 295 906 conserere
318 851 404 921 atque
427 841 490 902 olea
514 858 652 918 magnum
675 841 782 900 vestire
804 839 984 901 Taburnum.

179 929 239 988 Nec
261 946 331 987 vero
355 934 453 987 terrae
475 926 556 985 terre
578 941 681 984 omnes
704 925 801 984 omnia
823 931 955 1002 possunt.

139 1012 307 1073 huminibus
330 1011 432 1072 salices
454 1013 617 1089 crassisque
639 1010 794 1088 paludibus
816 1011 874 1071 alni

139 1102 313 1162 nascuntur,
337 1095 451 1155 steriles
472 1097 583 1154 saxosis
605 1093 753 1154 montibus
774 1095 854 1162 orni;

139 1180 223 1239 litora
244 1180 375 1255 myrtetis
396 1177 566 1245 laetissima;
590 1177 715 1255 denique
738 1185 854 1253 apertos

140 1261 272 1322 Bacchus
294 1268 372 1320 amat
393 1260 496 1330 colles,
519 1259 684 1337 aquilonem
707 1266 735 1319 01
757 1261 865 1336 lrigora
888 1263 955 1320 taxi.

140 1347 235 1424 aspice
258 1352 286 1406 et
309 1345 445 1405 extremis
467 1344 607 1404 domitum
631 1342 790 1404 cultoribus
812 1344 915 1404 orbem

141 1447 271 1508 eoasque
297 1428 399 1488 domos
420 1428 548 1489 Arabum
570 1429 721 1506 pictosque
744 1427 887 1489 Gelonos:

141 1514 248 1573 divisae
270 1512 425 1573 arboribus
448 1513 566 1589 patriae.
604 1511 665 1571 sola
686 1511 766 1570 lndia
788 1512 904 1587 nigrum

142 1596 197 1655 lert
219 1596 382 1665 hebenum,
406 1596 473 1656 solis
496 1602 541 1657 est
562 1603 645 1656 turea
668 1597 748 1670 uirga
771 1594 898 1655 Sabaeis.

141 1679 209 1756 quid
231 1678 282 1738 tibi
306 1680 426 1739 odorato
448 1680 576 1739 reieram
598 1680 729 1738 sudantia
752 1677 830 1753 ligno

140 1761 327 1838 balsamaque
351 1770 379 1821 01
401 1761 488 1820 bacas
511 1778 627 1837 semper
651 1760 812 1819 frondentis
835 1759 967 1819 acanthi?

140 1845 208 1922 quid
230 1861 351 1904 nemora
373 1842 548 1919 Aethiopum
569 1841 649 1901 molli
672 1844 803 1903 canentia
826 1842 904 1921 lana,

140 1927 305 2004 velleraque
328 1933 359 1986 ut
381 1925 454 1985 soliis
477 1926 631 2002 depectant
653 1925 750 1985 tenuia
773 1925 877 1994 Seres;

140 2017 189 2071 aut
211 2028 285 2088 quos
308 2009 423 2070 Oceano
445 2011 566 2086 propior
589 2011 664 2087 gerit
685 2008 765 2068 lndia
787 2007 878 2078 lucos,

142 2095 265 2154 extremi
287 2095 367 2153 sinus
390 2093 483 2162 orbis,
507 2093 557 2153 ubi
580 2098 648 2153 aira
670 2095 787 2153 vincere
809 2111 956 2153 summum

140 2178 253 2237 arboris
275 2177 346 2237 haut
367 2176 443 2237 ullae
465 2177 541 2236 iactu
563 2184 686 2254 potuere
708 2176 845 2253 sagittae?

140 2267 168 2320 et
189 2277 261 2337 gens
284 2260 330 2319 illa
354 2260 470 2338 quidem
492 2262 613 2338 sumptis
635 2278 694 2318 non
716 2260 800 2320 tarda
821 2260 975 2338 pharetris.

140 2342 233 2403 Media
255 2344 311 2404 lert
334 2345 421 2403 tristis
443 2361 529 2404 sucos
553 2343 726 2421 tardumque
749 2361 884 2422 saporem

140 2426 230 2487 felicis
253 2427 334 2497 mali,
358 2445 416 2505 quo
438 2445 496 2486 non
519 2428 701 2504 praesentius
722 2425 824 2497 ullum,

138 2509 242 2589 pocula
265 2511 406 2589 siquando
429 2528 531 2572 saevae
552 2511 680 2571 iniecere
701 2529 854 2582 novercae,

139 2594 276 2655 auxilium
298 2596 375 2655 venit
397 2613 431 2654 10
452 2594 592 2655 membris
614 2597 672 2672 agit
694 2603 756 2654 atra
776 2614 896 2656 venena.

139 2679 199 2754 ipsa
222 2680 325 2755 ingens
347 2678 434 2737 arbos
456 2678 617 2757 faciemque
639 2678 781 2739 simillima
803 2677 900 2746 lauro:

139 2768 182 2828 et,
205 2763 229 2821 si
251 2778 308 2820 non
331 2761 418 2821 aliurn
439 2760 496 2822 late
518 2763 638 2822 iactaret
660 2762 790 2830 odorem,

138 2843 239 2904 laurus
262 2851 340 2903 erat:
363 2843 429 2904 lolia
453 2844 523 2904 haut
544 2844 610 2905 ullis
631 2845 757 2905 labentia
779 2847 883 2913 ventis3

139 2925 192 2985 llos
214 2926 250 2986 ad
272 2928 364 3003 prima
389 2933 489 2994 tenax;
514 2929 623 2988 animas
645 2936 674 2990 et
696 2927 800 2988 olentia
822 2927 897 2988 Medi

138 3026 190 3070 ora
212 3010 309 3070 levent
331 3009 379 3069 illo
403 3016 431 3069 et
452 3011 571 3071 senibus
592 3013 774 3073 medicantur
796 3009 915 3084 anhelis,

179 3092 237 3152 Sed
259 3111 354 3170 neque
376 3093 527 3155 Medorum
550 3096 637 3156 silvae
659 3096 795 3155 ditissima
818 3101 895 3154 terra

139 3194 192 3235 nec
214 3176 336 3253 pulcher
359 3176 474 3254 Ganges
496 3185 582 3257 atque
605 3197 677 3239 auro
698 3176 833 3237 turbidus
856 3177 980 3238 Hermus

139 3258 271 3320 laudibus
294 3259 391 3320 ltaliae
415 3269 541 3332 certent,
565 3279 624 3321 non
646 3262 749 3321 Bactra
772 3278 868 3338 neque
890 3261 952 3322 ludi

139 3376 336 3386 --—-.-—-

138 3430 354 3502 rniseueruntque
370 3433 465 3489 herbas
481 3442 576 3488 0111011
592 3431 698 3487 innoxia
712 3431 792 3488 verba
