2400 3878
458 760 706 844 CULEX.

121 1035 271 1108 Lusimus,
296 1037 410 1107 Octavi,
433 1037 536 1116 gracili
557 1038 726 1099 modulante
748 1037 851 1099 'l'halia

80 1131 166 1197 atque
189 1127 220 1179 ut
242 1119 372 1180 araneoli
394 1129 513 1182 tenuem
536 1121 725 1183 formavimus
749 1140 858 1183 orsum.

78 1170 216 1263 lusimds:
239 1202 312 1263 haec
333 1169 456 1283 prdpter
478 1204 579 1267 culicis
601 1207 660 1266 sint
682 1206 812 1266 carmina
835 1203 920 1272 dicta,

80 1286 174 1344 omnis
197 1293 226 1344 et
247 1285 387 1345 historiae
404 1289 462 1365 'per
484 1287 584 1349 ludum
608 1297 749 1358 consonet
770 1289 843 1349 ordo

80 1368 208 1430 notitiae.
252 1368 357 1428 ducam
380 1368 479 1439 voces,
502 1368 572 1430 lieet
592 1371 707 1434 invidus
729 1371 813 1431 adsit.

79 1451 210 1530 quisquis
233 1451 289 1511 erit
310 1449 429 1528 culpare
451 1453 531 1512 iocos
553 1471 724 1533 musamque
746 1459 873 1532 paratus,

79 1533 210 1613 pondere
232 1532 278 1594 vel
299 1526 400 1595 culicis
422 1535 513 1595 levior
535 1531 670 1615 famaque
692 1536 813 1597 leretur·

79 1618 225 1697 posterius
247 1619 381 1695 graviore
403 1636 476 1678 sono
499 1618 552 1678 tibi
575 1637 657 1679 musa
678 1619 815 1698 loquetur

79 1709 194 1770 nostra,
218 1700 328 1762 dabunt
350 1718 416 1761 cum
435 1708 566 1765 maturos
579 1703 654 1763 mihi
674 1710 807 1781 tempora
829 1702 950 1772 fructus,

79 1768 194 1854 atomi
217 1784 304 1862 digna
327 1793 376 1845 tuo
398 1785 545 1864 poliantur
567 1787 698 1847 carmina
719 1804 816 1847 sensu.

120 1867 249 1928 Latonae
271 1869 429 1948 magnique
451 1870 525 1929 Iouis
547 1870 651 1939 decus,
675 1887 762 1930 aurea
785 1869 890 1951 proles,

79 1950 215 2012 Phoebus
238 1954 294 2018 erit
315 1955 409 2012 nostri
430 1954 570 2033 princeps
592 1961 622 2014 et
643 1955 782 2015 carminis
804 1961 905 2015 auctor

80 2043 110 2095 et
131 2036 282 2096 recinente
304 2035 366 2114 lyra
388 2036 500 2108 lautor,
522 2039 583 2100 sive
606 2036 711 2098 educat
731 2037 814 2098 illum

80 2120 158 2179 Arna
181 2119 353 2180 Chimaereo
375 2121 483 2182 Xanthi
504 2121 623 2202 perlusa
645 2121 759 2201 liquore

79 2220 131 2261 seu
154 2202 243 2262 decus
265 2203 396 2264 Asteriae
418 2223 470 2266 seu
492 2223 549 2283 qua
571 2205 710 2266 Parnasia
732 2222 821 2284 rupes

79 2285 149 2344 hinc
171 2292 258 2364 atque
279 2286 349 2346 hinc
369 2288 468 2364 patula
489 2288 664 2367 praepandit
686 2305 796 2348 cornua
817 2288 914 2358 fronte

80 2367 280 2446 Castaliaeque
302 2387 410 2429 sonans
431 2369 541 2448 liquido
564 2369 639 2448 pede
660 2369 769 2445 labitur
791 2370 877 2429 unda.

80 2469 185 2529 quare,
209 2450 298 2509 Pierii
319 2450 413 2512 laticis
436 2452 539 2522 decus,
562 2454 617 2522 ite,
640 2469 758 2512 sorores

79 2532 196 2601 naides,
221 2542 250 2593 et
272 2533 418 2594 celebrate
441 2533 528 2595 deum
550 2534 708 2613 plaudente
731 2537 853 2603 chorea:

81 2628 109 2676 et
131 2625 163 2677 tu
184 2624 284 2676 sancta
307 2617 404 2688 Pales,
427 2617 464 2677 ad
486 2636 573 2696 quam
594 2617 672 2678 bona
693 2619 780 2679 turha
802 2618 928 2678 recurrit
1054 2624 1088 2674 20

81 2706 229 2778 agrestum
251 2717 354 2760 secura
376 2699 432 2760 sihi
453 2719 506 2762 sua
527 2719 597 2761 rura
618 2708 762 2774 tenentes,

81 2786 176 2844 aerios
198 2801 352 2844 nemorum
374 2782 464 2846 saltus
486 2783 629 2864 silvasque
651 2785 783 2853 virentis,

80 2875 109 2928 te
132 2867 253 2928 cultrice
274 2885 364 2945 vagus
386 2868 476 2929 saltus
497 2868 577 2929 leror
599 2869 677 2929 inter
700 2877 729 2929 et
750 2875 843 2929 antra.

121 2952 158 3012 Et
179 2958 224 3021 tu,
249 2952 296 3012 cul
316 2953 429 3012 meritis
451 2953 544 3013 oritur
567 2952 671 3013 fiducia
693 2955 791 3022 tantis,

81 3032 181 3094 Octavi
202 3035 384 3106 venerande,
407 3038 481 3096 meis
503 3035 641 3107 adlabere
664 3039 783 3115 coeptis,
1055 3037 1088 3089 2⁵

80 3124 181 3177 sancte
202 3136 290 3195 puer,
314 3119 367 3178 tibi
390 3138 516 3199 namque
565 3162 938 3181 ........

81 3201 163 3259 triste
185 3200 260 3259 loris
281 3200 445 3281 Rhoetique
468 3203 546 3263 canit
566 3220 626 3263 uon
648 3203 754 3280 pagina
776 3200 893 3268 bellum,

80 3282 206 3361 Phlegra
229 3283 371 3359 Giganteo
394 3303 495 3365 sparsa
517 3293 561 3346 est
582 3302 640 3364 quo
662 3286 804 3362 sanguine
828 3280 921 3351 tellus.

82 3383 136 3425 nec
159 3366 337 3426 Centaureos
359 3368 497 3447 Lapithas
519 3365 668 3447 compellit
690 3369 720 3427 in
743 3384 844 3436 enses;
