2400 3878
410 233 555 282 vunorm
569 234 695 281 anuum
711 233 748 280 x1
862 199 865 205 ¹

72 386 158 448 relati
180 388 268 446 ramis
292 392 372 449 oleae
393 388 566 467 veniamque
586 394 740 466 rogantes:

72 488 207 548 corpora,
230 488 284 548 per
305 489 424 549 campos
446 471 525 532 lerro
543 489 619 549 quae
640 470 705 531 lusa
726 468 868 538 iacebant,

73 553 211 615 redderet
232 572 267 615 ac
286 554 398 615 tumulo
421 555 532 616 sineret
551 553 711 614 succedere
730 560 843 618 terrae:

75 636 185 698 nullum
208 655 275 698 oum
295 639 376 699 victis
397 648 545 698 certamen
564 647 593 698 et
615 637 733 697 aethere
754 637 858 703 cassin

73 727 208 800 parceret
229 721 393 800 hospitibus
415 722 563 798 quondam
586 722 754 799 socerisque
773 720 892 780 vocaus.

73 821 147 881 quos
165 803 262 865 bonus
282 806 394 866 deneas
415 803 486 864 baut
507 805 690 882 aspernanda
711 805 857 882 precantis

75 889 263 966 prosequitur
282 891 366 948 venia
388 898 416 948 et
436 888 532 949 verbis
554 888 627 949 baec
644 889 766 966 insuper
787 887 881 947 addit:

75 978 234 1049 ‘quaenam
254 990 306 1032 vos
326 979 406 1032 tanto
429 972 546 1032 fortuna
567 971 697 1049 indigna,
714 971 816 1039 Latini,

73 1053 204 1133 inplicuit
223 1054 311 1125 bello,
334 1058 385 1134 qul
406 1072 461 1115 nos
482 1055 597 1133 fugiatis
619 1055 748 1115 amicost

73 1155 176 1216 pacem
199 1157 246 1199 me
267 1141 407 1200 exanimis
428 1147 457 1200 et
477 1140 578 1200 Martis
598 1146 678 1198 sorte
698 1141 859 1217 peremptis

74 1221 182 1281 oratis?
204 1223 339 1301 equidem
361 1231 389 1283 et
410 1223 480 1282 viris
503 1223 666 1284 concedere
687 1221 801 1284 vellem.

75 1322 128 1365 eec
149 1307 223 1373 veni,
247 1307 302 1366 nisi
323 1306 381 1367 lata
404 1305 501 1366 locum
522 1306 681 1385 sedemque
703 1305 859 1374 dedissent,

73 1405 128 1448 nec
150 1386 260 1448 bellum
282 1407 349 1449 cum
370 1396 457 1465 gente
481 1407 568 1464 gero:
589 1407 643 1449 rex
663 1396 763 1449 nostra
784 1388 902 1466 reliquit

74 1471 197 1548 hospitia
217 1479 246 1530 et
269 1470 362 1531 Turni
382 1473 479 1549 potius
502 1489 534 1531 se
557 1470 680 1531 credidit
701 1472 799 1530 armis.

75 1554 194 1631 aequius
217 1553 286 1614 huic
307 1552 439 1614 Turnum
462 1554 556 1613 luerat
577 1571 609 1613 se
628 1571 778 1632 opponere
796 1556 893 1614 morti.

75 1638 99 1696 si
121 1634 231 1697 bellum
253 1638 338 1697 finire
360 1654 458 1706 manu,
481 1638 505 1697 si
526 1634 636 1714 pellere
658 1634 790 1697 Teucros

75 1729 205 1800 apparat,
227 1721 272 1781 bis
294 1738 410 1781 mecum
432 1720 529 1781 decuit
548 1737 728 1781 concurrere
748 1718 829 1780 telis:

74 1806 160 1873 viset,
182 1806 228 1864 cui
251 1805 338 1865 vitam
362 1804 433 1865 deus
455 1810 505 1864 aut
525 1821 577 1864 sua
597 1803 700 1865 dextra
723 1803 858 1865 dedisset.

74 1904 153 1948 nune
173 1889 212 1948 ite
235 1896 264 1949 et
284 1889 399 1950 miseris
419 1889 574 1966 supponite
596 1888 706 1949 civibus
729 1888 846 1965 ignem'

75 1971 188 2032 dixerat
207 1974 330 2034 Aeneas.
357 1971 398 2032 illi
418 1971 587 2051 obstipuere
609 1970 727 2033 silentes

75 2057 266 2135 conversique
289 2055 390 2117 oculos
411 2057 489 2117 inter
509 2073 541 2116 se
561 2063 648 2134 atque
668 2073 720 2116 ora
740 2055 888 2117 tenebant.

74 2146 137 2199 tum
159 2142 258 2200 senior
279 2158 455 2220 semperque
476 2140 549 2200 odiis
570 2149 600 2200 et
619 2140 742 2201 crimine
765 2140 893 2200 Drances

75 2223 208 2284 infensus
232 2225 330 2285 iuveni
349 2223 450 2285 Turno
473 2226 515 2284 stc
537 2241 589 2284 ore
611 2224 738 2284 vicissim

74 2322 142 2367 orsa
163 2307 268 2369 refert:
291 2316 325 2367 ‘o
348 2309 423 2368 lama
444 2309 558 2384 ingens,
581 2308 727 2384 ingentior
749 2309 838 2368 armis
913 2362 917 2369 .

76 2391 117 2449 vir
138 2388 273 2461 Troiane,
295 2390 401 2469 quibus
425 2390 506 2451 caelo
528 2397 557 2450 te
578 2388 712 2451 laudibus
734 2391 874 2470 aequem?

75 2474 239 2534 lustitiaene
259 2475 343 2551 prius
364 2475 455 2534 mirer
477 2471 584 2533 belline
606 2471 759 2533 laborum?

74 2573 129 2615 nos
150 2573 220 2616 vero
240 2555 314 2617 baec
334 2558 459 2634 patriam
481 2557 555 2634 grati
576 2556 739 2616 referemus
757 2557 793 2616 ad
815 2555 920 2616 urbem

75 2647 104 2699 et
122 2646 160 2717 te,
184 2639 267 2718 siqua
285 2640 361 2699 uiam
383 2637 496 2699 dederit
518 2639 644 2708 fortuna,
668 2639 771 2699 batlno

74 2724 230 2799 iungemus
251 2723 331 2800 regi:
352 2730 474 2802 quaerat
494 2721 550 2783 sibi
570 2721 689 2783 foedera
710 2721 836 2784 Turnus.

75 2808 145 2886 quin
165 2815 192 2868 et
214 2805 308 2867 fatalis
327 2823 482 2867 murorum
503 2804 635 2866 attollere
657 2804 749 2867 moles

75 2908 205 2970 saraque
225 2891 398 2952 subvectare
418 2890 528 2954 umeris
547 2889 673 2951 Troiana
694 2889 915 2962 iuvabit'f«⁴

75 2974 188 3035 dixerat
208 2974 291 3046 baec,
313 2992 434 3053 unoque
455 2992 558 3036 omnes
578 2975 681 3035 eadem
700 2992 753 3036 ore
776 2973 949 3037 lremebant.

75 3056 227 3119 bissenos
248 3061 387 3137 pepigere
409 3059 470 3119 dies
493 3068 521 3119 et
541 3076 613 3135 pace
635 3076 667 3118 se
709 3066 786 3120 estra

75 3158 130 3220 per
148 3139 232 3201 silvas
253 3139 359 3203 Teucri
381 3143 522 3220 mixtique
546 3143 655 3220 inpune
699 3144 770 3202 atini

76 3242 213 3284 erravere
234 3226 319 3302 iugis.
354 3225 434 3285 lerro
457 3233 542 3285 sonat
562 3224 619 3285 alta
638 3223 758 3301 bipenni

77 3308 216 3375 fraxinus,
237 3315 372 3368 evertunt
392 3316 471 3369 actas
492 3307 529 3368 ad
551 3308 646 3367 sidera
668 3307 763 3383 pinus,

76 3389 186 3451 robora
204 3406 260 3450 nec
281 3391 382 3451 cuneis
404 3399 433 3452 et
450 3390 579 3450 olentem
599 3388 735 3449 scindere
757 3387 876 3448 cedrum

76 3491 132 3535 neo
154 3473 292 3555 plaustris
313 3481 430 3536 cessant
450 3481 567 3533 vectare
588 3470 772 3550 gementibus
793 3487 891 3532 ornos.
