2400 3878
390 241 534 290 vultum
556 240 682 290 Anulus
699 242 739 290 111

57 400 227 477 divinosque
247 397 328 461 lacus
349 405 378 459 et
399 398 513 457 Averna
535 397 666 458 sonantia
688 396 780 465 silvis,

57 486 188 544 insanam
209 490 303 542 vatem
324 481 460 559 aspicies,
484 498 559 558 quae
576 497 652 558 rupe
672 480 727 542 sub
750 482 808 543 ima

57 567 114 627 lata
139 566 216 626 canit
238 565 375 645 foliisque·
392 573 476 625 notas
497 573 527 624 et
545 565 664 626 nomina
686 565 813 626 mandat.

58 667 260 731 quaecumque
281 650 311 709 in
334 648 409 709 loliis
431 648 583 724 descripsit
606 650 736 709 carmina
759 651 855 728 virgo,
1021 664 1071 717 445

57 734 163 812 digerit
182 735 212 793 in
234 750 389 795 numerum
411 739 498 813 atque
517 740 601 793 antro
621 732 735 793 seclusa
755 733 907 814 relinquit,

57 817 104 878 illa
122 825 241 879 manent
261 818 379 878 immota
400 815 473 877 locis
493 834 589 895 neque
606 814 642 876 ab
665 817 769 878 ordine
790 818 912 888 cedunt;

56 919 159 965 verum
179 901 281 962 eadem
300 918 384 962 verso
405 900 500 961 tenuis
523 919 590 961 cnm
609 900 728 961 cardine
745 908 847 964 ventus

56 984 170 1062 impulit
192 992 221 1046 et
240 992 356 1046 teneras
374 983 500 1045 turbavit
520 986 607 1046 ianua
628 984 763 1056 frondes,

56 1086 215 1147 numquam
236 1069 340 1131 deinde
363 1087 432 1129 cavo
455 1069 599 1130 volitantia
618 1068 765 1146 prendere
786 1086 857 1129 saro

55 1170 111 1212 nec
131 1170 271 1214 revocare
291 1155 363 1213 situs
384 1159 435 1214 aut
455 1153 579 1230 iungere
601 1154 729 1213 carmina
748 1160 845 1214 curat:

55 1236 210 1297 inconsulti
231 1235 340 1298 abeunt
361 1238 518 1316 sedemque
539 1236 629 1298 odere
651 1236 786 1315 Sibyllae.

56 1320 104 1380 hic
126 1319 179 1381 tibi
196 1337 292 1399 nequa
314 1338 415 1382 morae
436 1322 544 1382 luerint
565 1320 714 1399 dispendia
730 1322 816 1388 tanti,

56 1405 186 1481 quamam
207 1404 382 1481 increpitent
403 1405 474 1465 socii
495 1413 525 1465 et
544 1406 572 1465 vi
594 1422 697 1464 cursus
718 1406 749 1465 in
767 1403 858 1465 altum

55 1485 118 1548 vela
141 1493 225 1547 vocet
243 1488 395 1565 possisque
416 1488 496 1547 sinus
513 1487 636 1566 implere
657 1487 817 1556 secundos,

56 1572 126 1648 quin
149 1569 237 1631 adeas
257 1577 352 1630 vatem
375 1569 571 1648 precibusque
594 1569 712 1630 oracula
734 1587 848 1647 poscas.

55 1658 117 1732 ipsa
140 1661 225 1714 canat
246 1671 406 1733 vocemque
423 1655 523 1714 volens
545 1661 632 1732 atque
654 1671 706 1713 ora
725 1652 858 1715 resolvat.

55 1736 103 1797 illa
125 1736 178 1798 tibi
200 1735 299 1798 ltaliae
318 1737 444 1817 populos
462 1745 644 1816 venturaque
663 1736 739 1798 bella

56 1829 84 1882 et
104 1838 161 1900 quo
183 1839 328 1900 quemque
350 1821 437 1882 modo
460 1822 611 1900 fugiasque
632 1820 771 1900 serasque
792 1818 925 1881 laborem

56 1905 203 1984 expediet,
228 1923 391 1984 cursusque
413 1905 494 1968 dabit
512 1913 649 1967 venerata
670 1904 824 1966 secundos.

54 1988 128 2050 hacc
150 1996 231 2061 sunt,
255 2007 330 2069 quae
351 1999 451 2052 nostra
472 1990 558 2051 liceat
578 1998 607 2051 te
627 2007 699 2051 voce
720 1989 844 2050 moneri.

58 2073 127 2134 rade
148 2088 202 2150 age
221 2082 250 2134 et
266 2074 413 2149 ingentem
435 2075 519 2135 lactis
540 2076 584 2136 ier
605 2074 642 2135 ad
664 2073 783 2135 aethera
805 2070 959 2157 Troiam!-

97 2157 177 2228 Quae
198 2164 354 2236 postquam
368 2165 447 2220 vates
470 2159 513 2220 sic
534 2176 587 2220 ore
609 2159 712 2219 otiatus
733 2157 825 2218 amico
846 2163 905 2226 est,
957 2163 959 2169 ’

55 2240 130 2300 dona
152 2240 259 2302 dehinc
281 2259 354 2302 auro
377 2244 475 2321 gravia
489 2250 629 2322 sectoque
651 2240 806 2319 elephanto

54 2325 180 2401 imperat
201 2325 237 2384 ad
258 2325 339 2385 navis
361 2326 446 2397 lerri,
461 2328 612 2405 ¹stipatque
628 2327 733 2387 carinis

55 2424 158 2483 ingens
178 2415 333 2485 argentum
355 2409 586 2487 Dodonaeosque
607 2408 732 2478 lebetas,

55 2489 176 2549 loricam
195 2500 360 2551 consertam
380 2491 473 2552 hamis
492 2510 623 2569 auroque
645 2491 768 2551 trilicem

55 2579 84 2633 et
105 2589 212 2632 conum
234 2574 353 2650 insignis
376 2574 476 2650 galeae
498 2575 658 2652 cristasque
680 2574 834 2640 comantis,

56 2673 137 2716 arma
158 2654 350 2733 Neoptolemi.
395 2664 463 2717 suut
485 2665 514 2717 et
534 2674 585 2717 sua
608 2657 684 2718 dona
700 2657 823 2735 parenti.

55 2739 135 2800 addit
157 2757 248 2818 equos
268 2739 405 2819 additque
427 2739 533 2810 duces,

55 2825 212 2901 remigium
232 2822 362 2903 supplet,
384 2825 480 2885 socios
500 2824 587 2885 simul
608 2825 727 2886 instruit
746 2824 844 2884 armis.

97 2906 211 2968 Interea
230 2906 352 2969 classem
374 2907 444 2969 velis
467 2915 567 2986 aptare
587 2908 708 2969 iubebat

54 2992 209 3062 Anchises,
232 2992 316 3054 fieret
334 2999 420 3053 vento
437 3010 520 3053 mora
539 3010 634 3071 nequa
656 2992 769 3053 ferenti.
837 3028 839 3032 »

56 3094 143 3153 quem
165 3075 276 3137 Phoebi
297 3077 443 3155 interpres
464 3075 555 3145 multo
578 3075 732 3154 compellat
753 3076 880 3137 honore:
930 3090 932 3094 ·
967 3154 969 3158 .

56 3160 221 3237 ‘coniugio
245 3159 384 3229 Anchisa,
409 3160 531 3221 Veneris
550 3161 666 3238 dignate
686 3158 831 3236 superbo,

57 3258 127 3302 cura
150 3243 252 3312 deum,
275 3242 320 3303 bis
342 3244 509 3321 Pergameis
527 3252 629 3322 erepte
648 3245 756 3311 ruinis,
843 3261 846 3265 ·

57 3342 126 3385 ecce
146 3325 198 3385 tibi
216 3324 360 3388 Ausoniae
379 3327 478 3388 tellus:
501 3327 578 3388 hanc
599 3329 697 3405 arripe
718 3325 798 3387 velis.

57 3414 86 3469 et
107 3417 204 3468 tamen
225 3409 300 3470 hauc
322 3410 424 3487 pelago
446 3410 664 3489 praeterlabare
687 3420 850 3472 necessest:

57 3492 201 3554 Ausoniae
222 3510 291 3572 pars
314 3493 361 3554 illa
383 3494 501 3571 procul,
526 3513 613 3572 quam
634 3495 735 3574 pandit
755 3494 867 3573 Apollo.
