2400 3878
135 226 196 290 342
454 236 596 284 vnnumr
621 235 745 284 snnms
761 235 811 282 xn

134 393 213 455 nulla
232 394 307 453 viam
323 392 452 451 Fortuna
472 392 555 468 regit,
578 389 649 450 nibil
670 397 772 450 auctor
792 388 895 467 Apollo
1083 397 1141 451 40⁶

133 476 280 544 subvenit;
304 483 333 535 et
354 491 456 535 sacrm
477 474 587 551 campis
606 473 699 551 magis
718 488 753 534 ac
772 472 865 550 magis
884 472 992 532 horror

134 559 293 620 crebrescit
315 559 495 637 propiusque
517 556 625 617 malum
647 562 699 616 est.
734 556 792 616 iam
813 554 933 633 pulvere
953 553 1067 617 caelum

132 651 211 702 stare
233 641 343 702 vident:
364 640 489 701 subeunt
509 641 628 717 equites,
648 648 677 699 et
697 637 807 716 spicula
829 641 930 700 castris

135 726 226 786 densa
248 724 354 784 cadunt
374 724 487 784 mediis.
523 725 545 782 it
566 725 655 782 tristis
675 723 711 783 ad
733 722 851 783 aethera
873 721 982 782 clamor

133 806 291 869 bellantum
310 809 447 867 iuvenum
467 813 496 867 et
517 806 590 867 duro
612 805 665 866 sub
680 805 772 866 blarte
793 804 956 866 cadentum.
1084 814 1143 866 410

132 891 180 951 hic
202 890 307 959 Venus,
330 890 449 966 indigno
471 891 531 949 nati
553 906 694 950 concussa
716 886 826 958 dolore,

133 974 311 1034 dictamnum
331 975 463 1049 genetrix
482 973 602 1033 Cretaea
625 973 718 1050 carpit
735 971 772 1032 ab
794 970 853 1040 Ida,

131 1055 293 1136 puberibus
316 1055 427 1116 caulem
449 1055 524 1115 loliis
543 1065 571 1116 et
592 1054 666 1115 liure
688 1062 852 1116 comantem

132 1157 282 1217 purpureo
306 1139 373 1217 (non
394 1137 442 1198 illa
463 1139 532 1199 ieris
551 1139 698 1216 incognita
720 1139 815 1216 capris

132 1224 273 1298 gramina,
296 1239 363 1281 cum
385 1230 467 1297 tergo
486 1221 617 1281 volucres
640 1221 761 1282 haesere
784 1222 930 1299 sagittant:

132 1303 188 1365 hoc
206 1304 312 1375 Venus,
335 1304 462 1365 obscuro
483 1306 588 1365 faelem
609 1305 787 1366 circumdata
809 1304 920 1373 nimbo,

133 1387 247 1454 detulit;
270 1387 325 1448 boc
343 1389 440 1449 lusum
460 1387 549 1448 labris
571 1388 790 1467 splendentibus
812 1403 928 1448 amnem

131 1471 224 1530 inficit
246 1471 359 1532 occulte
379 1472 528 1532 medicans
549 1474 717 1551 spargitque
739 1470 864 1532 salubris

132 1553 295 1615 ambrosiae
317 1572 404 1616 sucos
427 1561 455 1616 et
476 1550 656 1617 odoriferam
678 1573 847 1636 panaceam.

131 1636 202 1697 iorit
223 1655 256 1698 ea
279 1637 381 1699 volnus
402 1637 520 1718 lympha
539 1639 695 1716 longaevos
716 1638 804 1717 Iapyx

131 1720 279 1796 ignorans,
301 1721 455 1800 subitoque
478 1725 571 1783 omnis
597 1723 633 1783 de
655 1739 780 1799 corpore
801 1721 874 1798 fugit

132 1804 240 1880 quippe
262 1801 355 1877 dolor,
379 1806 472 1864 omnis
497 1808 576 1865 stetit
596 1807 654 1865 imo
673 1804 792 1866 volnere
813 1804 946 1880 sanguim

130 1886 247 1962 iamque
265 1893 364 1946 secuta
386 1904 504 1947 manum
525 1887 605 1947 nullo
627 1896 750 1964 cogente
772 1889 874 1963 sagitta

132 1966 247 2036 excidit,
271 1976 359 2045 atque
380 1986 471 2029 norae
492 1970 609 2031 rediere
630 1972 660 2030 in
681 1970 804 2047 pristina
824 1972 910 2030 vires.

132 2059 229 2110 ‘mma
252 2052 299 2111 citi
317 2059 473 2130 properate
494 2054 572 2112 viro!
595 2052 666 2132 quid
688 2051 802 2112 statisl'
824 2052 911 2130 Iapyx

131 2132 294 2194 conclamat
312 2136 483 2216 primusque
505 2137 616 2197 animos
638 2136 771 2196 accendit
791 2137 821 2196 in
842 2135 968 2196 hostem.

133 2224 205 2277 ‘non
225 2216 299 2279 haec
319 2218 454 2280 humanis
476 2218 589 2298 opibus,
612 2237 672 2279 non
691 2227 753 2280 arte
772 2219 910 2295 magistra

129 2301 305 2380 proveniunt
324 2319 420 2380 noque
442 2311 479 2373 te,
502 2303 607 2374 Aenea,
629 2321 694 2364 mea
712 2303 831 2364 dextera
858 2309 969 2362 serrat:

131 2386 224 2445 maior
246 2386 304 2464 agit
324 2386 397 2447 deus
415 2393 503 2464 atque
525 2403 615 2464 opera
637 2386 674 2447 ad
692 2389 802 2447 maiora
825 2384 962 2447 remittit?

131 2467 181 2529 ille
202 2469 302 2529 avidus
323 2487 438 2548 pugnae
457 2487 541 2533 suras
562 2470 719 2532 incluserat
738 2488 810 2531 auro

130 2551 200 2612 binc
221 2560 308 2630 atque
328 2554 397 2614 hinc
419 2555 537 2632 oditque
559 2572 656 2615 moras
678 2555 847 2632 hastamque
868 2557 1011 2612 coruscat.

130 2645 284 2716 postquam
304 2635 407 2698 babilis
429 2638 513 2699 lateri
532 2635 642 2716 clipeus
663 2637 813 2716 loricaque
834 2644 918 2713 tergo
940 2640 992 2701 est,

130 2718 285 2779 bremium
307 2719 379 2780 lusis
398 2722 509 2782 circum
531 2721 732 2801 complectitur
752 2722 841 2781 armis

130 2818 302 2879 summaque
322 2820 376 2881 per
398 2803 510 2882 galeam
531 2803 662 2865 debbans
685 2803 783 2882 oscula
807 2803 898 2864 latur:

131 2883 235 2950 ‘disce
256 2901 339 2961 puer,
362 2887 496 2946 virtutem
518 2905 554 2947 ex
574 2905 623 2947 me
642 2904 802 2965 verumque
819 2884 958 2955 laborem,

129 2965 276 3028 fortunam
298 2985 334 3025 ex
353 2965 424 3026 aliis.
458 2985 536 3028 nunc
557 2975 586 3028 te
604 2986 670 3028 mea
693 2968 812 3029 dextera
834 2967 911 3029 bebo

130 3046 282 3108 delensum
300 3047 379 3117 dabit
401 3056 430 3109 et
451 3066 556 3126 magna
578 3052 653 3109 inter
671 3052 800 3128 praemia
823 3052 918 3111 ducet.

130 3138 163 3191 tu
184 3130 280 3202 tacito,
302 3150 370 3192 mox
389 3150 456 3193 oum
468 3140 590 3199 ‚matura
608 3131 765 3193 adoleverit
782 3142 869 3204 aetas,

129 3215 169 3274 sis
186 3233 308 3287 memor,
331 3223 360 3276 et
380 3223 410 3277 te
431 3217 527 3277 animo
548 3223 730 3294 repetentem
751 3216 881 3295 exempla
902 3224 1020 3277 tuorum

130 3307 159 3357 et
179 3306 262 3375 pater
281 3301 392 3378 Aeneas
414 3310 443 3361 et
461 3298 618 3361 avonculus
639 3300 744 3360 excitet
762 3299 890 3360 lleetor!

171 3379 250 3442 Haeo
270 3381 321 3442 uhi
343 3384 419 3445 dicta
440 3384 527 3454 dedit,
548 3383 640 3462 portis
662 3398 726 3442 sese
747 3381 848 3442 extuht
868 3384 980 3460 ingens,

129 3462 219 3522 telum
240 3463 365 3526 immane
385 3484 475 3528 manu
494 3468 644 3544 quatiens;
666 3464 753 3525 simul
772 3466 887 3541 agmine
907 3464 997 3526 denso
