2400 3878
297 741 339 815 r.
362 738 581 816 veneror
601 738 831 816 honorus

224 910 265 1008 A
317 913 359 1006 E
411 912 456 1006 N
508 913 550 1007 Ε
601 911 626 1004 Ι
677 912 724 1007 D
779 912 822 1007 O
878 913 909 1008 s
982 972 984 978 »

334 1147 337 1151 ,
404 1083 518 1140 LIBER
543 1082 720 1138 TERTIVS.

100 1412 259 1489 Postquam
281 1429 328 1471 res
349 1412 434 1471 Asiae
452 1412 619 1489 Priamique
637 1420 769 1473 evertere
792 1419 907 1490 gentem

58 1496 222 1556 inmeritam
244 1495 336 1555 risum
357 1493 486 1571 superis,
509 1494 671 1570 ceciditque
690 1494 851 1574 superbum
985 1493 988 1497 ’

58 1578 143 1639 Ilium
165 1587 193 1640 et
214 1580 308 1638 omnis
330 1578 420 1638 humo
442 1576 535 1639 sumat
556 1577 700 1655 Neptunia
722 1577 824 1638 Troia:

59 1662 172 1722 diversa
194 1661 278 1722 exilia
299 1669 328 1722 et
350 1662 480 1722 desertas
500 1679 645 1740 quaerere
662 1669 757 1723 terras

59 1746 187 1821 auguriis
205 1747 319 1822 agimur
341 1745 451 1814 divom,
473 1743 653 1824 classemque
673 1745 727 1807 suh
750 1747 812 1823 ipsa

59 1830 207 1889 Antandro
231 1836 258 1890 et
276 1829 419 1908 Phrygiae
437 1827 575 1889 molimur
597 1829 745 1890 montibus
767 1829 834 1890 idae

58 1914 239 1991 incertique
262 1914 319 1973 iata
338 1913 446 1983 ferant,
468 1911 518 1973 ubi
541 1913 645 1974 sistere
667 1913 767 1982 detur,

59 1997 315 2075 contrahimusque
333 1997 421 2056 viros.
465 1999 511 2063 rix
533 1999 627 2074 prima
646 1997 795 2074 inceperat
817 2002 927 2065 aestas.

59 2089 87 2141 et
108 2089 190 2158 pater
213 2079 352 2141 Anchises
375 2081 446 2142 dare
468 2080 532 2141 fatis
553 2079 615 2140 vela
637 2079 770 2142 iubebat:

58 2163 142 2224 litora
164 2182 232 2225 cum
254 2166 365 2242 patriae
389 2163 544 2225 lacrimans
565 2171 727 2243 portusque
747 2162 880 2242 relinquo

60 2255 87 2308 et
108 2265 242 2325 campos,
263 2247 314 2308 uhi
333 2248 420 2309 Troia
443 2248 504 2309 iuit.
550 2247 630 2308 feror
652 2246 719 2310 exul
736 2250 766 2308 in
785 2246 875 2308 altum

59 2348 126 2390 cum
149 2331 235 2391 sociis
257 2339 403 2410 gnatoque
420 2330 576 2408 penatibus
595 2338 623 2391 et
643 2332 755 2408 magnis
779 2331 830 2390 dis.

101 2413 193 2473 Terra
214 2413 319 2491 procul
336 2416 423 2474 vastis
444 2411 548 2472 colitur
572 2412 712 2473 Mavortia
732 2413 841 2490 campis

60 2495 200 2574 (Thraces
222 2496 314 2574 arant)
338 2497 397 2556 acri
420 2495 567 2573 quondam
589 2504 710 2570 regnata
731 2495 878 2573 Lycurgo,

61 2580 218 2656 hospitium
240 2579 368 2639 anticum
390 2578 496 2639 Troiae
517 2578 648 2654 sociique
667 2586 803 2656 penates,

59 2663 130 2723 dum
152 2663 268 2723 fortuna
288 2663 350 2724 hdr.
394 2662 473 2723 seror
496 2661 567 2751 huc,
592 2668 620 2722 et
641 2660 725 2722 litore
748 2678 836 2723 curvo

59 2747 174 2808 moenia
197 2747 292 2824 prima
313 2745 379 2806 loco
403 2745 468 2806 fatis
489 2746 640 2824 ingressus
662 2746 784 2825 iniquis,

60 2831 268 2908 Aeneadasque
290 2848 356 2891 meo
377 2847 485 2891 nomen
508 2829 544 2891 de
567 2831 685 2890 nomine
705 2831 794 2908 fingo.

102 2914 358 2976 Sacrahionaeae
377 2914 464 2975 matri
487 2913 618 2994 divisque
640 2913 770 2975 ferebam

61 2997 228 3074 auspicibus
250 3005 422 3076 coeptorum
445 3015 585 3075 operum,
607 3016 774 3078 superoque
794 2998 935 3057 nitentem
1027 3082 1029 3086 μ

61 3079 230 3142 caelicolum
250 3083 313 3160 regi
334 3080 496 3142 mactabam
518 3082 548 3141 in
569 3080 655 3142 litore
676 3090 802 3143 taurum.

61 3165 137 3223 iorte
158 3164 211 3224 iuit
232 3164 311 3225 iuxta
333 3164 476 3226 tumulus*
500 3183 558 3242 quo
582 3182 689 3227 cornea
711 3182 825 3225 summo

60 3247 185 3325 virgulta
206 3254 235 3308 et
255 3248 352 3309 densis
373 3246 525 3310 hastilibus
547 3248 667 3308 horrida
687 3255 807 3326 myrtus.

62 3331 185 3399 accessi,
204 3331 384 3410 viridemque
404 3330 441 3393 ab
464 3331 554 3392 humo
578 3330 742 3392 convellere
764 3330 863 3392 silvam

62 3421 200 3484 conatus,
220 3416 309 3475 ramis
330 3423 460 3493 tegerem
482 3423 514 3474 ut
534 3413 740 3476 frondentibus
759 3433 839 3486 aras,

128 3528 262 3572 arneson,
281 3527 385 3563 veron.
416 3549 421 3556 .
876 3511 897 3572 9
