2400 3878
386 238 528 288 11111111
547 239 739 288 1111111111
1003 225 1065 288 129

57 394 108 456 sed
121 401 150 454 te
171 395 244 454 vieta
263 394 320 454 sltu
339 395 459 472 verique
482 393 566 455 clieta
586 401 731 463 senectus,
1018 399 1067 450 140

58 486 196 546 11111111,
220 479 298 538 curls
320 477 498 555 nequiquam
521 483 638 538 exercet
660 484 689 539 et
708 495 789 539 arma

57 580 160 639 regum
178 563 255 622 lnter
276 560 348 621 lelsa
370 568 464 621 vatem
483 560 638 622 formidine
658 559 740 622 ludit.

57 664 129 706 eura
150 645 200 706 tilii
221 645 316 705 divom
334 644 445 722 elllgies
467 651 496 704 et
517 642 625 723 templa
644 647 736 706 tueri:

57 728 133 790 bella
155 730 210 789 viri
226 747 388 808 pacemque
407 735 518 805 gerent,
542 729 606 805 quis
622 728 699 790 bella
717 728 864 806 gerenda!

99 811 216 873 Talibus
231 811 342 874 Allecto
363 813 448 873 dlctis
470 812 576 874 exarsit
594 813 625 873 in
641 816 709 884 iras,

58 908 86 958 at
104 897 201 958 iuveni
221 897 316 958 oranti
337 896 450 957 subitus
472 904 584 957 tremor
605 905 731 977 occupat
749 906 838 968 artus,

58 982 212 1059 deriguere
234 978 327 1041 oculi:
349 988 393 1041 tot
418 981 515 1059 erinys
535 979 632 1042 sibilet
654 981 752 1060 hydris

59 1072 194 1142 tantaque
217 1083 248 1125 se
271 1064 360 1126 lacies
381 1066 488 1143 aperit;
509 1069 572 1123 tum
592 1065 726 1126 flammea
747 1072 889 1142 torquens

57 1149 165 1209 lumina
188 1156 372 1209 cunctantem
391 1155 420 1209 et
439 1156 628 1228 quaerentem
650 1149 749 1210 dicere
770 1149 856 1228 plura

57 1231 185 1311 reppulit
208 1241 236 1293 et
257 1234 388 1309 geminos
410 1235 503 1294 erexit
524 1233 655 1295 crinibus
677 1234 780 1310 anguis

57 1315 238 1394 verberaque
259 1316 387 1376 insonuit
404 1316 566 1396 rabidoque
588 1318 661 1379 haec
682 1317 792 1379 addidit
814 1334 880 1377 ore:

57 1404 110 1459 ‘en
132 1418 185 1477 ego
205 1401 279 1459 victa
299 1401 365 1466 situ,
389 1417 476 1477 quam
497 1405 558 1464 reri
580 1403 665 1462 elicta
687 1408 823 1461 senectus

57 1501 138 1543 arma
159 1485 234 1543 inter
256 1500 360 1561 regum
383 1480 454 1541 lalsa
475 1484 630 1546 formidine
649 1483 731 1544 ludit.

56 1569 170 1645 respice
189 1565 226 1626 ad
245 1565 332 1626 haec:
358 1565 460 1626 adsum
483 1567 612 1629 duarum
634 1565 671 1627 ab
694 1566 763 1628 sede
783 1583 927 1634 sororum,

58 1649 133 1712 bella
161 1668 249 1710 mauu
266 1648 416 1728 letumque
438 1653 528 1726 gero!

58 1737 99 1795 sic
122 1734 206 1794 effata
229 1734 322 1793 lacem
343 1733 441 1793 iuveni
463 1734 588 1796 coniecit
607 1741 636 1794 et
657 1742 721 1795 atro

55 1819 166 1884 lumine
188 1818 326 1878 lumentis
349 1817 410 1877 lixit
431 1818 485 1880 sub
508 1826 628 1898 pectore
652 1817 760 1879 taedas.

58 1900 106 1962 olli
128 1919 263 1961 somnum
285 1902 389 1978 ingens
407 1905 518 1982 rumpit
539 1919 638 1982 pavor,
663 1918 787 1980 ossaque
809 1910 838 1962 et
859 1909 939 1961 artus

57 1985 205 2065 perfundit
225 1991 286 2045 toto
307 1994 469 2064 proruptus
491 2003 619 2066 corpore
636 1986 735 2047 sudor.

56 2088 137 2131 arma
159 2087 260 2130 amens
282 2070 388 2138 fremit,
412 2089 494 2133 arma
516 2079 581 2131 toro
603 2073 746 2149 tectisque
766 2070 901 2147 requirit:

56 2156 145 2214 saevit
163 2170 246 2215 amor
267 2153 338 2215 lerri
360 2161 388 2214 et
409 2155 551 2217 scelerata
573 2155 684 2216 insania
706 2152 784 2224 belli,

57 2239 99 2296 ira
122 2255 225 2315 super:
248 2254 357 2316 magno
376 2238 463 2300 veluti
485 2259 552 2301 cum
574 2238 690 2299 llamma
709 2254 817 2298 sonore

58 2321 155 2397 virgea
175 2323 342 2397 suggeritur
364 2325 453 2382 costis
472 2323 609 2384 undantis
631 2322 694 2383 11111

58 2403 245 2482 exultantque
267 2413 349 2464 aestu
368 2404 478 2475 latices,
501 2406 571 2465 lurit
590 2406 668 2466 intus
690 2406 776 2482 aqual

58 2486 185 2547 lumidus
206 2495 294 2564 atque
316 2486 374 2547 alte
395 2489 506 2566 spumis
534 2486 675 2548 exuberat
696 2489 798 2555 amnis,

57 2588 112 2630 nec
132 2570 189 2628 iam
212 2587 244 2629 11
262 2571 339 2647 capit
359 2571 446 2638 unda,
469 2569 545 2629 volat
566 2587 656 2647 vapor
678 2577 740 2629 ater
763 2569 799 2630 ad
822 2587 916 2630 auras.

57 2670 128 2729 ergo
144 2654 206 2726 :iter
230 2652 266 2712 ad
287 2669 388 2728 regem
411 2652 521 2731 pollute
541 2670 614 2730 pace
636 2653 770 2713 Latinum

58 2736 156 2796 indicit
177 2737 281 2815 primis
300 2738 437 2797 iuvenum
458 2746 487 2798 et
508 2736 590 2797 iubet
611 2754 692 2797 arma
712 2740 820 2816 parari,

58 2821 144 2880 tutari
164 2819 283 2889 ltaliam,
303 2821 460 2882 detrudere
480 2820 586 2881 linibus
607 2819 738 2881 hostem:

58 2922 88 2964 se
107 2906 174 2964 setis
194 2902 337 2965 ambobus
358 2904 540 2984 Teucrisque
557 2907 658 2966 venire
678 2905 853 2985 Latinisque.

58 2986 130 3048 haec
148 2987 200 3049 ubi
220 2989 295 3050 dicta
317 2989 397 3050 dedit
418 2990 557 3067 dirosque
575 2992 604 3050 in
623 2998 688 3050 vota
710 2991 828 3058 vocavit,

57 3075 190 3132 certatim
211 3090 276 3133 sese
297 3073 397 3135 Rutuli
420 3073 610 3134 exhortantur
632 3074 662 3133 in
683 3091 781 3135 arma:

58 3154 135 3216 hunc
156 3157 246 3217 decus
267 3159 418 3235 egregium
440 3157 553 3218 formae
571 3166 668 3217 movet
690 3165 777 3236 atque
802 3159 943 3224 iuventae,
991 3212 992 3216 ,

58 3239 136 3299 hunc
158 3241 232 3300 atavi
250 3258 344 3318 reges,
365 3241 444 3302 hunc
461 3240 546 3301 claris
567 3240 687 3302 dextera
707 3240 799 3300 lactis.

99 3322 174 3382 [lum
197 3322 314 3384 Turnus
331 3323 455 3385 Rutulos
476 3325 580 3385 animis
602 3322 761 3384 audacibus
783 3322 893 3401 implet,

58 3405 168 3467 Allecto
190 3408 220 3467 in
240 3405 371 3468 Teucros
392 3409 497 3486 Stygiis
518 3425 550 3468 se
571 3407 699 3468 concitat
718 3405 781 3466 alis.

59 3497 120 3551 arte
138 3506 212 3550 nova
235 3487 383 3568 speculata
405 3490 512 3560 locum,
536 3507 594 3569 quo
616 3488 702 3550 litore
723 3486 847 3568 pulcher
