2400 3878
299 785 340 862 r.
363 786 581 864 vnacrm
607 788 837 866 nnnoms

225 957 269 1051 A
322 961 362 1054 Ε
416 960 461 1056 Ν
513 962 555 1055 Ε
608 961 632 1056 Ι
685 962 730 1056 D
785 963 829 1058 Ο
883 963 914 1060 S

418 1133 533 1191 LIBER
556 1133 730 1191 OCTAVUS

499 1332 631 1343 ——.

67 1461 102 1524 Ut
124 1459 193 1520 belli
213 1460 328 1539 signum
351 1459 491 1520 Laurenti
511 1460 629 1521 Turnus
649 1461 686 1523 ab
709 1480 775 1524 arce

64 1543 166 1605 extulit
186 1550 215 1605 et
237 1562 327 1606 rauco
348 1551 538 1621 strepuerunt
560 1562 672 1606 cornua
692 1553 790 1616 cantu,

64 1625 169 1707 [utque
185 1628 261 1688 acrts
277 1629 426 1689 concussit
440 1646 530 1707 equos
552 1636 642 1707 utque
660 1629 776 1708 impulit
795 1628 899 1711 arma]

64 1711 209 1790 extemplo
231 1712 339 1773 turbati
361 1712 458 1782 animi,
475 1711 561 1774 simul
583 1730 670 1774 omne
692 1714 817 1777 tumultu

63 1796 197 1856 coniurat
217 1795 329 1874 trepido
352 1795 467 1856 Latium
487 1798 636 1875 saevitque
654 1797 790 1860 iuventus

63 1878 161 1940 effera.
191 1879 327 1941 ductores
349 1880 438 1958 primi
460 1880 611 1960 Messapus
634 1888 663 1943 et
684 1881 773 1944 Utens

63 1970 307 2043 contemptorque
330 1964 417 2026 deum
436 1964 595 2026 Mezentius
617 1966 746 2046 undique
766 1975 875 2046 cogunt
935 1988 940 1993 ·

62 2045 168 2108 auxilia
187 2053 216 2109 et
236 2048 311 2108 latos
334 2054 446 2109 vastant
467 2047 629 2111 cultoribus
649 2067 745 2127 agros.

62 2131 184 2192 mittitur
207 2138 236 2193 et
257 2133 354 2209 magni
377 2131 506 2195 Venulus
527 2133 674 2196 Diomedis
696 2134 732 2195 ad
756 2134 870 2204 urbem,

63 2215 111 2291 qui
133 2223 213 2292 petat
234 2215 373 2277 auxilium
395 2224 423 2278 et
445 2217 526 2278 Latio
549 2217 710 2279 consistere
730 2217 871 2288 Teucros,

64 2296 216 2359 advectum
233 2299 352 2361 Aenean
371 2299 456 2362 classi
478 2301 627 2379 victosque
647 2302 762 2381 penatis

63 2380 172 2441 inierre
195 2388 224 2442 et
244 2381 310 2442 latis
328 2400 430 2460 regem
451 2401 483 2444 se
506 2384 604 2444 dicere
629 2385 714 2462 posci

63 2464 184 2524 edoceat
207 2462 386 2544 [multasque
408 2467 470 2525 viro
493 2484 525 2527 se
547 2466 706 2544 adiungere
727 2468 821 2543 gentis

62 2547 207 2608 Dardanio
230 2556 258 2608 et
280 2546 336 2608 late
358 2548 440 2608 Latio
460 2548 682 2610 increbrescere
703 2547 837 2629 nomen}

62 2630 132 2710 quid
153 2637 246 2692 struat
266 2631 312 2691 his
335 2632 454 2711 coeptis,
478 2651 573 2711 quem,
599 2633 623 2692 si
645 2633 776 2694 Fortuna
798 2646 947 2711 sequatur,
1047 2645 1077 2694 le

62 2721 197 2776 eventurn
218 2732 334 2795 pugnae
353 2716 460 2793 cupiat,
483 2716 663 2778 manifestius
685 2717 741 2797 ipsi

26 2856 29 2861 ,
63 2817 150 2877 qnam
172 2799 273 2860 Turno
294 2801 357 2879 regi
377 2806 427 2860 aut
448 2801 511 2879 regi
532 2819 676 2880 apparere
698 2801 809 2863 Latino.

104 2883 184 2944 Talia
205 2902 259 2962 per
276 2884 400 2946 Latium.
436 2903 510 2963 quae
532 2885 759 2947 Laomedontius
779 2887 867 2949 heros

62 2975 166 3029 cuncta
185 2969 285 3031 videns
307 2986 414 3047 magno
437 2987 576 3031 curarum
597 2969 718 3032 lluctuat
740 2979 831 3041 aestu,

62 3058 148 3128 atque
170 3053 299 3114 animum
321 3071 399 3114 nune
420 3053 479 3115 huc
499 3053 635 3125 celerem,
658 3072 737 3116 nunc
761 3055 861 3116 dividit
881 3052 959 3121 illue
1042 3060 1076 3112 20

61 3136 91 3196 in
112 3136 261 3214 partisque
278 3139 355 3216 rapit
372 3138 466 3217 varias
486 3157 600 3218 perque
620 3140 717 3199 omnia
740 3145 849 3200 versat:

62 3221 138 3282 sicut
159 3237 252 3299 aquae
274 3219 431 3282 tremulum
452 3220 543 3283 labris
564 3221 615 3282 ubi
638 3221 737 3284 lumen
760 3223 841 3283 aenis

62 3303 124 3364 sole
159 3320 337 3381 repercusso
373 3310 423 3365 aut
444 3306 584 3367 radiantis
606 3306 732 3381 imagine
753 3303 840 3367 lunae

62 3388 159 3448 omnia
179 3385 330 3466 pervolitat
351 3388 410 3450 late
429 3386 495 3449 loca
510 3389 627 3466 iamque
648 3387 702 3447 sub
726 3406 812 3449 auras
