2400 3878
422 202 564 250 visseim
580 204 706 251 AENEIS
722 206 759 251 IX

85 351 124 415 sil
143 351 193 430 qui
215 370 262 414 me
284 368 399 437 raptum
417 374 515 436 pugna
537 359 668 435 pretiove
690 358 874 439 redemptum

86 433 204 494 mandet
225 434 325 512 humo,
346 440 431 502 solita
450 449 499 500 aut
520 444 603 520 siqua
625 441 653 500 id
677 441 805 503 Fortuna
825 443 943 521 vetabit,

86 518 202 580 absenti
223 524 299 586 ierat
319 525 440 586 inferias
460 524 639 603 decoretque
662 525 827 603 sepulchro.
1046 538 1096 588 atti

85 621 142 664 neu
170 609 255 668 matri
277 609 401 670 miserae
419 609 490 667 tanti
511 611 565 668 sim
589 626 675 669 causa
693 609 812 679 doloris,

87 709 163 774 quae
186 699 215 751 te
237 691 308 762 sola,
330 710 415 771 puer,
437 691 535 752 multis
557 711 573 752 e
596 692 738 752 matribus
760 712 829 754 ausa

88 777 273 853 persequitur
294 777 393 853 magni
415 792 470 835 nec
491 776 606 835 moenia
630 784 713 836 curat
731 775 871 838 alcestae!

88 859 136 919 ille
158 870 255 919 autem
278 867 395 919 ‘causas
418 861 596 938 nequiquam
614 861 706 920 nectis
728 861 829 928 inanis,

88 960 143 1004 nec
160 961 225 1003 mea
247 944 304 1003 iam
329 950 438 1004 mutata
457 942 521 1003 loco
542 944 684 1003 sententia
707 944 799 1003 cedit:

87 1025 301 1087 adeeleremus'
323 1028 371 1087 ait.
405 1026 506 1104 vigiles
528 1025 614 1087 simul
636 1029 749 1095 excitat,
772 1027 813 1088 illi

89 1110 250 1171 succedunt
270 1117 446 1190 servantque
467 1112 561 1172 vices:
584 1112 709 1171 statione
732 1111 831 1172 relicta

89 1195 151 1272 ipsa
167 1212 266 1254 comes
288 1193 357 1255 Niso
379 1194 522 1272 graditur,
544 1211 704 1272 regemque
726 1197 887 1274 requirunt.

131 1278 232 1338 Cetera
256 1296 310 1356 per
328 1287 423 1338 terras
446 1280 540 1338 omnis
559 1278 692 1339 animalia
714 1297 817 1339 somno

88 1360 223 1421 laxabant
245 1379 331 1421 curas
354 1369 381 1422 et
404 1363 493 1422 corda
514 1361 603 1422 oblita
621 1362 771 1422 laborum:

88 1444 224 1506 ductores
246 1444 393 1504 Teucrum
416 1445 503 1521 primi
525 1454 553 1504 et
573 1444 684 1504 delecta
709 1447 843 1507 iuventus

89 1527 242 1589 consilium
265 1529 387 1588 summis
409 1527 493 1604 regni
519 1527 665 1587 derebus
688 1527 843 1597 habebant,

88 1613 156 1690 quid
178 1611 309 1673 lacerent
331 1612 430 1689 quisve
451 1611 567 1670 Aeneae
588 1612 646 1668 iam
670 1613 788 1671 nuntius
811 1621 895 1672 esset.

89 1702 165 1756 stant
187 1695 281 1774 longis
304 1694 400 1755 adnixi
423 1694 522 1763 hastis,
546 1695 576 1753 in
598 1700 680 1753 scuta
702 1700 824 1763 tuentes

89 1786 252 1839 castrorum
276 1788 304 1840 et
326 1779 422 1858 campi
444 1779 551 1838 medio.
585 1787 645 1838 tum
665 1777 751 1838 Nisus
774 1786 802 1837 et
820 1796 876 1838 una

88 1860 230 1940 Euryalus
252 1863 405 1923 confestim
427 1861 538 1923 alacres
561 1862 706 1922 admittier
728 1870 827 1921 orant:

88 1963 152 2006 rem
173 1963 319 2023 magnam,
342 1948 528 2025 pretiumque
549 1964 648 2006 morae
670 1947 743 2007 iore.
779 1947 890 2023 primus
915 1944 993 2006 lulus

88 2030 201 2108 aceepit
222 2030 352 2109 trepidos
376 2049 410 2091 ac
432 2029 533 2091 Nisum
554 2029 652 2090 dicere
674 2029 766 2091 iussit.

87 2121 148 2173 tum
169 2114 211 2173 sic
233 2113 416 2192 Hyrtacides:
438 2114 550 2175 ‘audite
571 2132 588 2173 o
610 2112 757 2173 mentibus
780 2114 888 2190 aequis,

86 2197 247 2266 Aeneadae,
270 2214 343 2258 neve
364 2198 438 2258 haec
457 2197 564 2258 nostris
582 2204 751 2275 spectentur
774 2195 810 2255 ab
833 2199 924 2265 annis,

87 2299 161 2358 quae
184 2281 313 2341 ierimus.
348 2281 448 2342 Rutuli
468 2298 573 2341 somno
596 2282 723 2357 vinoque
742 2279 829 2338 soluti

89 2364 271 2432 conticuere;
291 2363 389 2423 locum
411 2365 522 2424 insidiis
544 2364 748 2440 conspeximus
771 2363 834 2439 ipsi,

90 2446 140 2522 qui
161 2453 241 2522 patet
261 2447 292 2505 in
314 2445 390 2505 bivio
411 2454 523 2523 portae,
546 2464 620 2522 quae
643 2461 786 2520 proxuma
809 2450 916 2519 ponto:

89 2529 245 2604 interrupti
266 2529 358 2603 ignes,
382 2533 503 2604 aterque
523 2525 560 2586 ad
582 2527 676 2586 sidera
696 2525 794 2583 iunius

89 2610 225 2686 erigitur:
243 2612 267 2669 si
291 2609 408 2668 lortuna
430 2609 595 2687 permittitis
617 2610 660 2668 uti

90 2693 252 2770 quaesitum
270 2692 388 2752 Aenean
412 2703 441 2752 et
458 2693 573 2752 moenia
594 2689 752 2756 Pallantea,

89 2794 157 2836 mox
179 2776 227 2836 hic
250 2793 316 2836 eum
340 2775 440 2853 spoliis
462 2775 572 2853 ingenti
595 2774 683 2835 caede
708 2780 826 2850 peracta

88 2859 190 2920 adiore
213 2860 347 2921 cernetis.
382 2878 437 2920 nec
458 2877 513 2919 nos
529 2859 574 2919 via
597 2857 669 2919 lallit
692 2858 802 2918 euntis:

87 2943 209 3003 vidimus
230 2943 363 3004 obscuris
384 2946 510 3023 primam
532 2942 587 3003 sub
610 2941 732 3002 vallibus
753 2941 857 3001 urbem

87 3032 192 3087 venatu
214 3027 334 3087 adsiduo
359 3036 388 3090 et
412 3035 505 3089 totum
529 3027 716 3104 eognovimus
737 3025 872 3086 amnem!

87 3109 136 3169 liic
157 3112 240 3171 annis
260 3113 356 3188 gravis
376 3119 464 3189 atque
485 3113 573 3172 animi
598 3119 730 3171 maturus
755 3108 866 3169 Aletes:

88 3191 133 3252 ‘di
151 3195 247 3270 patrii,
269 3213 393 3272 quorum
416 3213 534 3273 semper
552 3194 607 3254 sub
628 3195 749 3253 numine
769 3192 856 3251 Troia
880 3198 931 3255 est,

88 3283 263 3336 nontamen
285 3279 402 3338 omnino
425 3278 557 3338 Teucros
580 3275 678 3337 delere
700 3275 817 3352 paratis,

90 3376 157 3419 cum
180 3356 246 3419 talis
265 3362 379 3420 animos
402 3363 539 3422 iuvenum
560 3356 588 3421 et
608 3366 667 3418 tam
689 3365 767 3418 certa
786 3355 892 3416 tulistis

89 3442 228 3518 pectora!
261 3442 312 3503 laic
330 3461 498 3505 memorans
518 3459 637 3504 umeros
659 3441 835 3515 dextrasque
857 3436 975 3499 tenebat
1046 3444 1098 3495 soe
