2400 3878
424 208 568 257 vnnfflnl
590 207 728 256 ECLOGA
749 208 771 256 V

216 380 272 424 nos
283 369 380 424 tamen
392 362 466 424 haec
477 381 661 442 quocumque
671 360 923 422 modotibinostra
930 362 1061 424 vicissim
1073 377 1111 428 50

219 447 365 517 dicemus,
388 446 590 524 Daphnimque
610 453 693 506 tuum
714 443 849 505 tollemus
870 445 907 504 ad
929 453 1023 516 astra;

218 530 363 608 Daphnim
374 531 411 590 ad
424 539 501 591 astra
512 531 653 590 feremus:
665 531 771 590 amarit
778 546 832 588 nos
838 546 954 607 quoque
961 529 1107 606 Daphnis.

220 614 289 674 ΜΟ.
312 615 357 674 An
379 615 535 692 quicquam
556 613 640 672 nobis
662 612 711 672 tali
732 613 769 672 sit
790 630 912 673 munere
932 614 1047 674 maius?

220 703 249 758 et
268 714 343 774 puer
365 699 426 774 ipse
448 697 502 757 luit
523 698 634 757 cantari
656 697 775 774 dignus,
798 703 828 756 et
848 697 901 756 ista

111 853 119 876 Ι
219 781 412 858 iampridem
435 782 595 841 Stimichon
616 779 742 841 laudavit
764 781 892 840 carmina
914 779 1008 840 nobis.
1071 793 1107 846 5⁶

260 865 331 924 ME.
361 863 505 925 Candidus
526 866 671 925 insuetum
692 865 815 924 miratur
836 862 924 924 limen
946 862 1064 942 Olympi

218 946 273 1007 sub
296 947 477 1026 pedibusque
498 949 575 1009 videt
596 947 689 1009 nubes
712 954 740 1008 et
761 947 857 1008 sidera
878 947 1016 1024 Daphnis.

92 1023 121 1088 α’
212 1047 282 1108 ergo
304 1031 409 1091 alacris
430 1031 515 1092 silvas
537 1039 566 1093 et
587 1041 684 1093 cetera
705 1049 776 1092 rura
797 1030 929 1108 voluptas

218 1113 357 1192 Panaque
377 1122 568 1194 pastoresque
589 1122 668 1177 tenet
688 1116 869 1194 dryadasque
890 1112 1011 1191 puellas.

93 1190 122 1275 β
216 1196 277 1257 Nec
298 1197 385 1275 lupus
405 1199 523 1259 insidias
539 1202 654 1276 pecori,
678 1217 733 1259 nec
754 1199 827 1259 retia
849 1199 943 1258 cervis
1070 1207 1107 1262 60

220 1279 279 1341 ulla
301 1280 401 1342 dolum
422 1283 615 1350 meditantur;
638 1289 715 1342 amat
735 1281 832 1342 bonus
854 1283 911 1341 otia
932 1279 1072 1357 Daphnis.

221 1365 276 1442 ipsi
298 1363 404 1425 laetitia
426 1383 513 1426 voces
534 1366 571 1425 ad
593 1366 689 1425 sidera
711 1367 819 1425 iactant
923 1409 925 1412 ψ

219 1450 328 1510 intonsi
349 1455 477 1517 montes;
499 1450 580 1526 ipsae
601 1450 659 1508 iam
681 1449 811 1509 carmina
832 1465 937 1526 rupes,

220 1533 283 1608 ipsa
304 1540 409 1591 sonant
430 1532 566 1593 arbusta:
590 1532 686 1603 deus,
709 1531 781 1592 deus
802 1531 866 1601 ille,
888 1527 1039 1590 Menalcal’

112 1606 122 1629 ‘
220 1615 266 1673 Sis
286 1614 383 1674 bonus
405 1633 422 1674 o
445 1615 571 1693 felixque
593 1617 662 1675 tuis!
685 1634 722 1675 en
745 1621 880 1692 quattuor
902 1630 982 1672 aras:
1070 1621 1106 1675 65

221 1712 290 1754 ecoe
305 1697 376 1755 duas
396 1697 463 1764 tibi,
487 1698 616 1772 Daphni,
640 1699 713 1756 duas
734 1695 834 1754 altaria
856 1693 985 1753 Phoebo.

219 1774 324 1852 poeula
345 1775 414 1835 bina
435 1794 511 1836 novo
533 1779 696 1853 spumantia
717 1776 792 1835 lacte
815 1776 969 1853 quotannis

222 1864 409 1935 craterasque
431 1857 489 1918 duo
511 1865 634 1917 statuam
657 1856 709 1917 tibi
729 1858 846 1934 pinguis
868 1855 942 1924 olivi,

221 1947 249 2001 et
270 1940 361 2000 multo
383 1943 413 2000 in
433 1942 535 2019 primis
556 1939 684 2000 hilarans
705 1940 835 2001 convivia
860 1938 981 2008 baccho,

221 2031 288 2084 ante
310 2024 423 2095 iocum,
446 2026 471 2083 si
492 2024 584 2102 frigus
607 2025 676 2094 erit,
699 2024 724 2083 si
744 2022 862 2093 messis,
884 2023 915 2082 in
935 2021 1041 2082 umbra
1068 2032 1107 2088 70

222 2107 287 2168 vina
308 2126 415 2168 norom
436 2108 556 2168 fundam
578 2106 698 2167 calathis
719 2107 833 2167 Ariusia
855 2112 965 2167 nectar.

224 2190 383 2252 cantabunt
403 2192 476 2253 mihi
497 2192 650 2252 Damoetas
672 2197 701 2252 et
722 2191 839 2270 Lyctius
861 2191 977 2266 Aegon3

222 2274 352 2335 saltantis
373 2283 487 2336 saturos
508 2275 666 2336 imitabitur
687 2274 908 2353 Alphesiboeus

221 2357 294 2418 haec
316 2357 369 2418 tibi
389 2377 506 2437 semper
528 2366 615 2420 erunt
637 2365 753 2420 etcum
776 2359 927 2419 sodemnia
948 2362 1013 2416 vota

221 2442 379 2503 reddemus
399 2444 549 2523 nymphis,
572 2450 601 2504 et
622 2462 689 2504 cum
710 2442 899 2505 lustrabimus
920 2457 1015 2519 agros.
1069 2448 1104 2504 75

110 2518 120 2541 ’
225 2525 300 2588 Dum
321 2528 389 2606 iuga
410 2530 517 2588 montis
538 2546 618 2606 aper,
640 2527 743 2588 duvios
765 2528 835 2588 dum
856 2527 944 2605 piscis
965 2521 1081 2594 amabit,

223 2610 352 2689 dumque
372 2611 472 2691 thymo
494 2618 650 2690 pascentur
671 2629 751 2689 apes,
774 2612 844 2672 dnm
864 2629 934 2671 rore
956 2605 1082 2675 cicadae,

225 2713 342 2772 semper
356 2695 451 2755 honos
465 2714 630 2774 nomenque
651 2703 734 2756 tuum
755 2693 914 2772 laudesque
934 2688 1105 2752 manebunt.

224 2783 257 2839 ut
277 2779 394 2837 Baccho
416 2778 587 2854 Cererique,
609 2777 661 2834 tibi
682 2778 724 2835 sic
745 2784 811 2835 rota
833 2777 987 2852 quotannis

224 2858 369 2936 agricolae
390 2859 511 2926 iacient3
535 2857 685 2917 damnabis
707 2862 739 2916 tu
761 2874 877 2934 quoque
899 2857 980 2917 votis.
1070 2865 1108 2919 80

262 2943 331 3001 Mo.
355 2941 435 3013 Quae
444 2940 506 3010 tibi,
523 2959 597 3018 quae
610 2939 660 2999 tali
670 2939 792 2999 reddam
802 2957 856 3016 pro
869 2940 997 2999 carmine
1010 2937 1107 3001 dona?

223 3041 292 3085 nam
313 3042 408 3101 neque
429 3042 477 3085 me
499 3030 610 3085 tantum
632 3024 772 3084 venientis
793 3022 894 3083 sibilus
916 3023 1007 3082 austri

224 3126 279 3169 nec
299 3125 438 3186 percussa
459 3109 558 3169 iuvant
578 3107 668 3168 ductu
688 3114 749 3167 tam
769 3106 869 3176 litora,
891 3123 946 3166 nec
969 3121 1044 3182 quae

223 3209 342 3252 saxosas
363 3192 440 3252 inter
462 3192 622 3253 decurrunt
643 3190 762 3253 ilumina
784 3188 881 3250 valles.

219 3275 290 3337 ME.
313 3275 375 3336 Hac
395 3282 425 3335 te
447 3294 501 3336 nos
522 3276 618 3353 iragili
640 3273 811 3334 donabimus
834 3279 901 3333 ante
924 3273 1026 3331 cicula.
1071 3281 1106 3335 85

224 3358 298 3419 haec
318 3378 373 3420 nos
395 3360 587 3419 ‘formonsum
608 3355 741 3436 Corydon
763 3356 885 3416 ardebat
906 3353 1036 3424 Alexim}

225 3441 299 3503 haec
321 3444 423 3504 eadem
445 3444 544 3504 docuit
565 3440 672 3501 ‘cuium
692 3439 801 3518 pecusl
822 3457 860 3498 an
882 3435 1042 3499 llleliboeii'
