2454 3936
445 189 588 237 ventum
603 189 728 238 sunnis
746 191 784 237 lx

113 363 188 425 quae
209 345 311 406 suasit
328 341 451 405 Rutulos
471 342 528 406 late
551 361 761 422 armorumque
781 342 900 405 resolvit

112 429 249 507 tegmina.
281 446 337 489 neo
359 435 463 488 curant
485 446 573 489 caeco
596 427 774 488 contendere
795 428 888 489 Marte

112 511 237 590 amplius
255 512 380 572 audaces
401 510 511 582 Rutuli,
533 512 584 573 sed
606 511 717 589 pellere
739 509 813 570 vallo

112 595 270 657 missilibus
292 600 414 656 certant.
949 650 950 653 ,

111 687 196 757 parte
215 678 269 738 alia
289 678 455 739 horrendus
476 679 539 739 visu
562 677 719 756 quassabat
740 678 894 739 Etruscam

111 764 214 842 pinum
232 770 261 822 ct
280 762 431 824 fumiferos
451 761 540 822 infert
560 762 720 823 Mezentius
741 763 830 838 ignis;

112 854 143 907 at
164 846 313 924 Messapus
335 865 419 908 ecum
443 845 578 915 domitor,
599 845 742 924 Neptunia
762 844 869 924 proles,

112 931 252 991 rescindit
275 928 382 992 vallum
405 937 434 990 et
455 929 548 990 scalas
568 930 598 990 in
619 930 734 990 moenia
755 931 858 1007 poscit.

154 1013 220 1083 Vos,
240 1031 257 1074 o
276 1013 411 1093 Calliope,
433 1031 549 1093 precor,
571 1013 717 1092 adspirate
739 1014 863 1084 canenti,

112 1114 185 1174 quas
206 1097 246 1158 ibi
267 1106 330 1159 tum
349 1098 429 1159 ferro
451 1106 572 1174 strages,
595 1115 671 1177 quae
694 1097 797 1159 funera
818 1096 935 1159 Turnus

113 1180 246 1250 ediderit,
267 1198 354 1259 quem
374 1183 497 1262 quisquo
518 1183 612 1243 vuum
635 1181 783 1243 demiserit
805 1180 898 1250 0roo;

112 1271 142 1324 et
163 1283 278 1326 mecum
295 1268 420 1345 ingentis
440 1283 508 1326 oras
528 1265 649 1327 evolvite
669 1265 748 1327 belli.

154 1348 257 1410 Turris
276 1358 340 1411 erat
360 1356 440 1410 vasto
463 1358 603 1428 suspectu
625 1358 653 1410 et
673 1349 813 1426 pontibus
835 1347 908 1415 altis,

111 1441 277 1511 opportuna
295 1434 372 1503 loco,
395 1433 517 1494 summis
538 1450 626 1510 quarn
648 1432 760 1492 viribus
782 1448 884 1492 omnes

111 1533 281 1595 expugnare
301 1517 363 1578 Itali
383 1533 557 1592 summaque
579 1522 711 1575 evertere
734 1531 823 1592 opum
841 1515 869 1573 ri

111 1600 272 1671 certabant,
295 1601 388 1661 Troes
411 1605 514 1658 contra
535 1597 694 1658 defendere
717 1598 796 1657 saxis

109 1701 222 1761 perque
246 1700 330 1744 cavas
352 1682 434 1743 densi
455 1681 512 1742 tela
531 1683 701 1758 intorquere
722 1681 874 1741 fenestras.

109 1769 249 1845 princeps
271 1766 423 1826 ardentem
446 1766 569 1826 coniecit
591 1763 725 1842 lampada
747 1764 866 1824 Turnus

110 1861 140 1910 et
162 1851 311 1910 flammam
331 1850 430 1910 adfixit
448 1848 540 1919 lateri,
563 1868 638 1929 quae
658 1848 783 1927 plurima
805 1854 890 1909 vento

110 1936 254 2011 corripuit
273 1933 388 1995 tabulas
408 1941 436 1996 et
457 1934 590 2013 postibus
612 1935 705 1996 haesit
724 1934 828 1994 adesis.

109 2018 219 2078 turbati
236 2019 385 2098 trepidare
406 2021 484 2080 intus
505 2020 673 2098 frustraque
694 2017 837 2080 malorum

109 2100 183 2162 velle
204 2102 311 2181 fugam.
346 2104 415 2165 durn
435 2122 467 2164 se
488 2103 651 2182 glomerant
672 2109 813 2179 retroque
834 2099 968 2161 residunt

108 2185 139 2244 in
161 2195 283 2263 partem,
304 2206 378 2267 quae
398 2195 481 2266 peste
503 2195 591 2258 caret,
612 2195 674 2248 tum
693 2186 825 2265 pondere
845 2182 936 2245 turris

108 2270 267 2347 procubuit
288 2271 384 2332 subito
404 2281 432 2333 et
452 2271 565 2334 caelum
586 2279 667 2332 tonat
690 2288 776 2330 omne
797 2268 923 2344 fragore.

108 2355 269 2414 semineces
291 2356 328 2414 ad
348 2364 467 2425 terram,
489 2357 608 2415 immani
630 2353 708 2413 mole
728 2361 836 2419 secuta,

108 2437 274 2514 confixique
296 2439 356 2497 suis
376 2437 442 2498 telis
464 2448 492 2496 et
511 2446 631 2514 pectora
653 2436 728 2494 duro

106 2519 262 2579 transfossi
284 2520 363 2596 ligno
385 2521 513 2580 veniunt.
543 2520 590 2578 rix
611 2534 688 2576 unus
708 2515 836 2576 Helenor

108 2609 138 2663 et
158 2602 253 2680 Lycus
276 2601 376 2679 elapsi.
410 2619 536 2680 quorum
557 2601 721 2678 primaevos
740 2597 877 2665 Helenor,

108 2684 241 2743 Maeonio
261 2685 325 2761 regi
347 2702 434 2762 quern
456 2701 539 2744 serva
559 2683 707 2761 Licymnia
729 2681 830 2741 furtim

109 2764 269 2826 sustulerat
290 2767 444 2845 vetitisque
467 2767 504 2827 ad
526 2767 643 2827 Troiam
668 2767 786 2826 miserat
808 2763 906 2835 armis,

110 2866 180 2909 ense
200 2849 270 2912 levis
292 2852 371 2911 nudo
391 2869 552 2930 parmaque
574 2849 716 2926 inglorius
738 2848 818 2919 alba;

108 2933 192 3011 isque
213 2934 264 2995 ubi
281 2954 313 2995 se
331 2936 423 2996 'furni
444 2935 539 2996 media
561 2936 638 2995 inter
659 2934 736 2995 milia
755 2935 835 3004 vidit,

108 3016 177 3077 hinc
199 3019 276 3080 acies
298 3028 385 3098 atque
405 3020 474 3080 hinc
495 3021 572 3081 acies
595 3018 710 3080 adstare
732 3018 863 3099 Latinas:

108 3107 141 3160 ut
161 3100 231 3171 fera,
255 3121 330 3182 quae
349 3103 439 3165 densa
460 3111 616 3165 venantum
637 3112 736 3182 saepta
759 3100 867 3165 corona

108 3193 212 3244 contra
232 3183 289 3246 tela
312 3187 382 3247 furit
403 3206 526 3267 seseque
547 3188 619 3247 baut
641 3189 739 3248 nescia
762 3189 851 3249 morti

107 3267 190 3328 inicit
212 3276 240 3329 et
262 3270 337 3330 saltu
359 3290 448 3350 supra
468 3270 611 3333 venabula
632 3272 734 3336 fertur.

107 3444 135 3493 et
151 3441 311 3496 menrinlstis
330 3441 409 3505 enim,
427 3442 511 3507 divae,
527 3450 555 3500 et
573 3458 723 3499 memorare
737 3445 865 3516 potestis.
1072 3434 1132 3488 52⁹

159 3549 290 3597 arneson,
309 3552 422 3589 maort.
874 3529 913 3594 18
