2454 3936
143 189 204 250 800
488 198 630 247 vsnoxm
646 198 770 247 anunm
788 199 810 245 x

143 363 225 417 actus
247 371 327 434 aper,
346 352 454 416 multos
477 352 600 415 Vesulus
622 371 709 431 quem
730 352 837 431 pinifer
855 371 947 416 annos

145 438 273 499 defendit
296 437 440 500 multosve
460 438 544 515 palus
561 437 727 507 Laurentia,
748 435 817 497 silva

144 530 244 602 pastus
263 523 457 591 harundineo,
478 527 634 602 postquam
656 521 733 581 inter
753 521 826 581 retia
847 526 1001 591 ventumst,

143 605 271 668 substitit
290 607 500 686 infremuitque
520 604 605 666 ferox
627 610 656 666 et
677 605 824 666 inhorruit
840 621 947 674 armos,

145 708 199 752 nec
222 691 358 770 cuiquam
377 691 466 752 lrasci
486 689 668 769 propiusque
689 688 831 751 accedere
853 689 954 759 virtus,

144 774 196 835 sed
217 773 319 836 iaculis
340 776 468 855 tutisque
487 772 593 853 procul
615 772 792 835 clamoribus
811 773 935 842 instant;

144 855 192 918 ille
214 864 312 919 autem
332 857 486 937 inpavidus
505 858 598 937 partis
619 864 773 919 cunctatur
791 858 822 917 in
840 859 944 929 omnis,

144 941 279 1002 dentibus
300 939 480 1012 infrendens,
503 949 532 1003 et
553 948 637 1019 tergo
655 940 765 1002 decutit
785 939 899 1001 hastas:

144 1023 215 1084 haut
235 1023 329 1095 aliter,
351 1027 445 1087 iustae
468 1024 576 1104 quibus
597 1030 641 1085 est
657 1023 818 1085 Mezentius
837 1023 908 1093 irae,

144 1106 272 1167 nonulli
293 1115 338 1169 est
357 1109 472 1170 animus
494 1109 595 1169 stricto
618 1123 797 1168 concurrere
819 1106 914 1174 ferro;

144 1189 305 1253 missilibus
331 1190 419 1270 longe
437 1198 466 1252 et
487 1197 567 1252 vasto
589 1188 718 1251 olanme
738 1188 896 1252 lacessunt.

147 1282 264 1335 venerat
287 1276 413 1354 antiquis
433 1274 552 1354 Corythi
574 1273 610 1335 de
631 1272 739 1335 linibus
759 1273 868 1344 horon,

145 1358 249 1420 Graius
272 1358 371 1430 homo,
392 1359 517 1420 inlectos
537 1357 673 1437 linquens
694 1358 838 1436 profugus
860 1359 1047 1438 hymenaeos.

145 1443 224 1503 hunc
246 1443 297 1505 ubi
315 1444 489 1505 miscentem
510 1441 598 1521 longe
620 1442 717 1504 media
738 1444 855 1520 agmina
874 1443 953 1513 vidit,

144 1544 328 1606 purpureum
348 1527 446 1606 pinnis
465 1534 493 1588 et
510 1534 614 1605 pactae
636 1527 769 1606 coniugis
790 1535 887 1589 ostro:

144 1611 275 1690 inpastus
293 1610 408 1674 stabula
426 1612 483 1673 alta
504 1611 552 1673 leo
573 1630 628 1673 ceu
648 1629 737 1692 saepe
755 1629 917 1692 peragrans

148 1695 262 1773 (suadet
284 1699 362 1757 enim
385 1714 509 1758 vaesana
530 1695 644 1773 fames),
665 1698 690 1758 si
709 1694 785 1758 forte
807 1696 941 1775 fugacem

145 1782 297 1856 conspexit
318 1796 454 1856 capream
475 1787 526 1840 aut
546 1787 717 1858 surgentem
738 1782 769 1841 in
791 1797 902 1842 cornua
924 1798 1052 1852 cervom,

147 1861 264 1939 gaudet,
286 1863 371 1922 hians
393 1863 529 1934 immane,
552 1882 710 1943 comasque
730 1865 841 1925 arrexit
863 1871 893 1925 et
911 1864 1012 1927 haeret

145 1944 305 2007 visceribus
332 1963 422 2024 super
443 1946 627 2016 incumbens,
648 1944 716 2007 lavit
733 1945 859 2024 inproba
880 1955 973 2010 taeter

146 2046 198 2088 ora
221 2047 324 2109 cruor,

145 2113 188 2172 sic
210 2114 269 2174 ruit
288 2114 317 2174 in
339 2112 445 2175 densos
466 2111 564 2176 alacer
585 2113 742 2176 Mezentius
761 2113 864 2175 hostis.

145 2196 286 2258 sternitur
309 2196 409 2257 infelix
432 2197 530 2257 Acron
552 2203 581 2259 et
603 2195 733 2259 calcibus
754 2205 848 2259 atram

145 2280 240 2341 tundit
259 2280 382 2342 humum
404 2282 543 2359 expirans
564 2281 746 2361 infractaque
767 2282 825 2344 tela
846 2293 990 2348 cruentat.

146 2373 234 2442 atque
255 2364 333 2425 idem
354 2365 515 2443 fugientem
537 2365 608 2428 haut
627 2373 670 2427 est
689 2365 825 2444 dignatus
844 2367 962 2430 Oroden

146 2455 279 2510 sternere
298 2465 354 2510 nec
375 2450 449 2510 iacta
472 2465 594 2512 caecum
612 2451 684 2511 dare
706 2452 826 2530 cuspide
848 2451 967 2515 volnus:

146 2531 247 2593 obvius
266 2532 449 2614 adversoque
471 2537 601 2607 occurrit
622 2552 714 2614 seque
735 2537 797 2597 viro
816 2539 860 2597 vir

146 2616 275 2690 contulit,
298 2618 369 2680 baut
390 2617 469 2680 furto
492 2619 606 2691 melior,
629 2621 681 2681 sed
702 2620 828 2682 fortibus
851 2623 949 2682 armis.

145 2707 207 2761 tum
227 2720 317 2781 super
339 2702 486 2765 abiectum
505 2707 601 2783 posito
622 2704 698 2784 pede
719 2705 805 2766 nixus
828 2710 857 2766 et
878 2705 961 2766 hasta

146 2794 230 2861 ‘pars
253 2785 322 2848 belli
344 2786 403 2848 hau
423 2790 592 2860 temnenda,
615 2789 678 2859 viri,
700 2789 776 2849 lacet
797 2788 872 2849 altus
896 2788 1028 2849 Orodes!

145 2866 328 2929 conclamant
351 2872 422 2931 socii
444 2870 553 2933 laetum
575 2888 686 2950 paeana
709 2872 809 2932 secuti.

145 2949 192 3010 ille
213 2959 310 3012 autem
330 2952 467 3031 explrans
490 2964 564 3014 ‘non
586 2972 643 3022 me,
666 2955 843 3032 quicumque
864 2971 905 3022 es,
929 2952 1030 3022 inulto,

145 3034 248 3104 victor,
271 3051 327 3096 nec
348 3033 470 3113 longum
489 3036 652 3098 laetabere:
675 3043 704 3096 to
726 3037 918 3117 quoquosala
1106 3046 1157 3096 740

144 3125 334 3197 prospectant
354 3120 437 3197 paria
460 3127 547 3198 atque
569 3119 672 3180 eadem
692 3137 761 3181 mox
781 3137 850 3180 arva
869 3120 1000 3182 tenebis!

147 3201 182 3262 ad
205 3219 278 3281 quae
299 3202 456 3264 subridens
474 3205 563 3266 mixta
584 3204 744 3265 Mezentius
765 3204 809 3265 ira

146 3293 241 3348 ‘nunc
254 3304 381 3349 morere.
416 3296 461 3348 ast
480 3288 518 3350 de
539 3307 587 3350 me
605 3289 701 3350 divom
717 3296 803 3368 pater
823 3296 911 3370 alque
932 3291 1086 3352 hominum
1104 3307 1156 3352 rex

145 3369 267 3430 viderit!
298 3370 355 3433 hoc
374 3372 476 3434 dicens
499 3373 598 3434 eduxit
620 3391 747 3453 corpore
769 3372 876 3435 telum:

144 3450 194 3512 olli
215 3453 289 3515 dura
312 3456 395 3536 qules
417 3457 518 3520 oculos
541 3466 570 3520 et
593 3459 707 3520 ferreus
728 3466 815 3537 urget
1107 3464 1157 3514 741
