2400 3878
416 247 701 296 rnncmrunnms
717 249 755 295 rx
1023 235 1086 299 277

79 412 204 488 quamus
226 403 261 465 ab
280 420 386 464 occasu
410 404 530 464 veniens
551 402 725 480 pluvialibus
747 403 849 463 haedis

78 489 214 552 verberat
231 487 325 548 imber
344 487 477 557 humum,
501 504 589 565 quam
608 486 699 547 multa
720 487 863 564 grandine
884 486 976 546 nimbi

77 576 107 635 in
129 573 202 634 vada
218 573 420 651 praecipitant,
443 588 511 632 cum
533 570 664 649 luppiter
685 570 824 632 horridus
846 571 951 631 austris
1035 576 1087 628 6⁷0
1125 604 1128 609 -

78 662 196 734 torquet
218 673 358 735 aquosam
379 655 506 716 hiemem
528 660 557 714 et
576 655 656 716 caelo
677 672 746 715 cava
767 653 865 715 nubila
887 654 1006 732 rumpit.

120 740 270 802 Pandarus
293 747 321 800 et
342 739 441 808 Bitias,
463 739 550 799 ldaeo
572 738 717 800 Alcanore
739 741 820 809 creti,

79 842 153 904 quos
174 824 250 884 lovis
270 823 368 883 eduxit
389 822 455 883 luco
478 821 617 883 silvestris
634 821 715 883 laera

78 906 222 969 abietibus
240 908 359 968 iuvenes
380 907 482 984 patriis
505 912 533 966 et
555 906 703 967 montibus
722 923 840 985 aequos,

80 1000 207 1069 portam,
231 1008 305 1069 quae
327 990 410 1051 ducis
431 991 555 1068 imperio
579 991 741 1061 commissa,
762 989 925 1059 recludunt,

78 1076 145 1135 lrcti
166 1075 280 1144 animis,
302 1073 438 1153 ultroque
461 1074 582 1135 invitant
604 1073 758 1135 moenibus
779 1074 904 1135 hostem.

79 1159 133 1236 ipsi
154 1159 232 1218 intus
253 1157 356 1220 dextra
377 1176 411 1218 ac
432 1158 514 1219 laeva
533 1177 587 1237 pro
605 1158 736 1220 turribus
758 1158 881 1227 adstant,

77 1243 181 1302 arnrati
204 1241 284 1302 lerro
306 1248 336 1302 et
358 1242 452 1302 cristis
474 1244 568 1320 capita
589 1241 646 1303 alta
669 1244 799 1304 corusci:

77 1324 177 1403 quales
198 1326 295 1386 adriae
316 1325 455 1406 liquentia
473 1326 594 1387 ssumina
613 1328 733 1396 circum,

78 1409 138 1468 sive
159 1409 228 1469 Padi
251 1410 323 1486 ripis
341 1408 472 1470 Athesim
494 1429 547 1470 seu
568 1418 690 1487 propter
711 1426 875 1479 amoenum,

78 1500 260 1570 consurgunt
280 1493 415 1571 geminae
435 1510 562 1570 quercus
582 1494 757 1573 intonsaque
780 1493 860 1554 caelo

77 1575 211 1637 attollunt
231 1578 326 1655 capita
349 1583 377 1636 et
395 1575 513 1637 sublimi
535 1577 642 1638 vertice
661 1582 773 1636 nutant.

77 1660 248 1737 inrumpunt
269 1660 365 1720 aditus
385 1659 485 1720 Rutuli
506 1666 539 1721 ut
559 1660 658 1721 ridere
676 1661 802 1738 patentis

79 1745 214 1804 murinco
234 1745 384 1815 Quercens
404 1751 434 1804 et
454 1743 578 1822 pulcher
599 1743 758 1822 Aquiculus
780 1746 870 1804 armis

77 1834 106 1886 et
127 1845 270 1905 praeceps
290 1829 379 1888 animi
400 1827 526 1890 Tmarus
547 1833 576 1889 et
594 1827 750 1889 Mavortius
772 1828 902 1889 Haemon

78 1910 244 1986 agminibus
262 1912 344 1972 totis:
366 1917 396 1971 at
414 1913 489 1973 versi
510 1920 591 1989 terga
613 1912 722 1973 dedere

77 2001 127 2052 aut
147 1994 210 2071 ipso
229 2005 332 2071 portae
353 2013 479 2074 posuere
501 1998 532 2057 in
549 1995 649 2057 limine
669 1997 766 2056 vitam.

78 2083 140 2136 tum
159 2079 251 2156 magis
268 2080 435 2139 increscunt
453 2081 556 2140 animis
578 2079 760 2141 discordibus
782 2082 858 2149 irae;

78 2170 106 2220 et
127 2162 186 2222 iam
208 2161 321 2223 collecti
341 2163 434 2223 Troes
452 2163 653 2242 glomerantur
678 2165 782 2225 eodem

78 2251 106 2304 et
126 2244 262 2305 conferre
279 2264 399 2307 manum
417 2253 445 2307 et
464 2266 643 2325 procurrere
660 2247 776 2325 longius
801 2249 916 2313 audent.

119 2327 239 2388 Ductori
257 2328 357 2388 Turno
375 2330 488 2390 diversa
510 2333 540 2390 in
561 2338 645 2409 parte
664 2331 772 2391 furenti

78 2411 267 2487 turbantique
288 2412 365 2471 viros
385 2413 535 2489 perfertur
556 2415 684 2482 nuntius,
707 2413 821 2475 hostem

77 2495 190 2553 lervere
213 2493 302 2553 caede
320 2511 393 2554 nova
415 2502 444 2554 et
463 2503 564 2571 portas
582 2495 727 2573 praebere
748 2497 882 2572 patentis.

78 2577 186 2637 deserit
206 2578 355 2653 inceptum
376 2583 464 2654 atque
484 2578 605 2637 immani
628 2579 759 2637 concitus
781 2579 823 2638 ira

79 2659 253 2719 Dardaniam
273 2662 333 2720 ruit
354 2659 390 2719 ad
412 2668 528 2736 portam
549 2661 711 2738 fratresque
730 2660 884 2738 superbos.

79 2751 107 2803 et
130 2745 259 2822 primum
275 2743 450 2822 Antiphaten
473 2744 506 2822 (is
528 2746 606 2805 enim
626 2762 659 2805 se
679 2745 792 2822 primus
815 2742 938 2822 agebat),

78 2825 216 2886 Thebana
239 2828 274 2889 de
295 2837 388 2889 matre
408 2829 531 2889 nothum
553 2829 731 2907 Sarpedonis
752 2827 811 2899 alti,

79 2913 210 2971 coniecto
232 2913 336 2973 sternit
356 2912 466 2983 iaculo;
489 2912 566 2973 volat
583 2912 653 2974 ltala
674 2930 781 2973 cornus

46 3007 48 3010 ·
78 2998 146 3054 aera
164 3014 218 3073 per
235 3005 369 3057 tenerum
390 2999 599 3076 stomachoque
619 2999 707 3058 infixa
728 2997 783 3058 sub
805 2997 895 3058 altum

79 3087 178 3156 pectus
199 3081 272 3140 abit:
294 3082 391 3141 reddit
409 3100 515 3160 specus
536 3084 590 3143 atri
604 3082 731 3143 volneris
749 3082 859 3143 undam
1032 3087 1084 3138 700

76 3173 269 3238 spumantem,
290 3173 317 3226 et
337 3167 395 3225 lixo
417 3167 529 3227 terrum
551 3168 581 3226 in
605 3167 745 3245 pulmone
765 3166 896 3242 tepescit.

76 3251 138 3305 tum
154 3247 304 3325 lleropem
319 3258 405 3326 atque
420 3250 577 3329 Erymanta
594 3268 692 3318 manu,
712 3259 774 3309 tum
788 3249 893 3309 sternit
906 3246 1081 3324 Aphidnum,

76 3340 138 3389 tum
161 3330 255 3390 bitian
276 3332 427 3392 ardentem
448 3334 541 3395 oculis
561 3336 722 3410 animisque
743 3333 915 3392 frementem

77 3430 137 3473 non
157 3413 251 3474 iaculo
274 3416 380 3494 (neque
402 3419 479 3477 enim
502 3417 597 3477 iaculo
619 3418 705 3476 vitam
723 3415 771 3475 ille
792 3415 936 3494 dedisset),

76 3498 128 3558 sed
148 3516 286 3576 magnum
306 3499 432 3561 stridens
455 3509 587 3562 contorta
605 3500 754 3578 phalarica
771 3501 858 3570 venit,
1032 3507 1044 3554 t
