2400 3878
403 225 545 273 vaporus
560 227 685 276 ssnsrs
700 229 751 275 111
1012 220 1074 293 331

70 380 199 460 eripiunt
215 378 422 458 cumulantque
444 382 570 441 oneratis
591 379 722 443 lancibus
742 400 816 444 aras.
1024 394 1076 445 alo

112 465 238 523 atvero
260 460 373 523 Rutulis
394 464 479 542 inpar
501 481 534 524 ea
555 481 651 542 pugna
673 466 763 526 videri

68 546 229 607 iandudum
250 555 280 606 ot
299 547 379 606 vario
401 548 517 607 misceri
537 553 655 623 pectora
676 557 771 618 motu;

68 639 131 690 tum
153 630 254 706 magis,
277 636 309 689 ut
328 631 451 708 propius
469 637 594 690 cernunt
616 648 675 690 non
692 632 801 692 viribus
824 635 932 712 aequis.
947 677 997 694 ...

69 713 184 773 adiuvat
207 713 323 772 incessu
342 713 428 772 tacito
450 729 625 790 progressus
648 722 676 775 et
697 733 777 776 aram

68 795 239 874 suppliciter
260 812 402 856 venerans
424 795 548 856 demisso
570 796 681 859 lumine
700 797 816 859 Turnus

68 879 257 956 tabentesque
280 896 371 956 genae
394 887 421 938 et
440 877 563 939 iuvenali
584 881 614 939 in
636 898 761 959 corpore
782 880 884 959 pallor.

68 981 154 1040 quem
177 960 318 1021 simulac
340 961 461 1022 Iuturna
485 979 570 1023 soror
592 962 779 1026 crebrescere
800 965 869 1025 vidit

68 1062 234 1105 sermonem
257 1052 286 1104 et
307 1043 382 1120 volgi
396 1046 516 1105 variare
537 1044 663 1106 labantia
684 1048 782 1118 corda,

68 1131 98 1189 in
119 1128 230 1188 medias
252 1129 338 1197 acies,
357 1129 481 1188 formam
502 1128 672 1190 adsimulata
693 1131 818 1192 Camerti

69 1211 147 1289 (quoi
165 1228 258 1288 genus
279 1229 296 1271 a
317 1213 433 1288 proavis
456 1212 559 1288 ingens
584 1213 753 1292 clarumque
771 1221 910 1292 paternae

68 1312 176 1354 nomen
199 1301 261 1354 erat
282 1295 403 1365 virtutis,
427 1302 455 1354 et
476 1296 538 1371 ipse
559 1290 720 1357 acerrimus
741 1299 857 1380 armis),

67 1379 97 1437 in
120 1377 230 1438 medias
252 1377 301 1437 dat
322 1394 387 1437 sese
410 1378 488 1438 acies
498 1376 580 1460 [haut
599 1381 697 1440 nescia
722 1387 835 1468 rerum]

66 1478 261 1538 rumoresque
282 1461 353 1520 serit
376 1460 470 1520 varios
491 1478 526 1520 ac
548 1460 615 1521 talia
636 1462 729 1521 latur:

69 1553 143 1602 ‘non
164 1544 264 1621 pudet,
288 1560 305 1602 o
323 1542 431 1612 Rutuli,
452 1560 507 1620 pro
526 1546 638 1603 cunctis
656 1543 761 1604 talibus
781 1562 868 1604 unam

67 1626 213 1687 oblectare
236 1625 381 1686 animam?
401 1642 563 1686 numerone
584 1643 620 1686 an
641 1625 750 1687 viribus
771 1634 855 1705 aequi

66 1727 126 1769 non
148 1710 268 1770 sumusi
291 1726 327 1769 en
350 1725 450 1769 omnes
472 1716 501 1769 et
521 1707 613 1769 Troes
635 1716 664 1769 et
684 1710 812 1770 Arcades
832 1710 863 1769 hi
886 1720 953 1770 sunt

66 1791 226 1871 fatalesque
245 1809 357 1862 manus,
380 1791 492 1873 infensa
514 1791 630 1852 Etruria
649 1791 766 1853 Turno:

67 1877 113 1936 vix
135 1875 258 1945 hostem,
281 1874 385 1942 alterni
407 1876 689 1952 si'congrediamur,
709 1876 859 1938 babemus.

66 1958 114 2019 illc
134 1959 251 2037 quidem
275 1959 311 2019 ad
333 1977 465 2039 superos,
488 1976 612 2038 quorum
634 1978 666 2020 se
685 1960 806 2021 devovet
826 1961 893 2028 auls,

66 2042 205 2114 succedet
222 2042 300 2124 lama
319 2043 456 2119 vivosque
474 2060 528 2121 per
551 2060 603 2112 ora
624 2044 751 2104 feretur:

67 2143 120 2185 nos
139 2127 232 2203 patria
256 2126 360 2186 amissa
383 2125 507 2186 dominis
529 2143 635 2204 parere
657 2126 792 2202 superbis

67 2226 215 2286 cogemur,
238 2210 287 2286 qui
308 2226 388 2268 nunc
405 2208 477 2269 lenti
498 2208 682 2269 consedimus
705 2207 799 2269 arvis!

66 2291 171 2351 talibus
193 2292 312 2351 incensa
333 2299 376 2351 est
396 2291 533 2351 iuvenum
553 2293 696 2352 sententia
717 2292 800 2352 dictis

66 2376 123 2434 iam
143 2373 235 2449 magis
256 2380 343 2450 atque
363 2375 464 2449 magis,
486 2374 635 2451 serpitque
655 2391 709 2450 per
729 2375 843 2452 agmina
864 2391 1012 2442 murmur;

66 2456 121 2534 ipsi
143 2455 303 2515 Laurentes
323 2455 424 2513 mutati
446 2456 558 2531 ipsique
579 2455 682 2515 Latini.
1018 2464 1070 2515 ²40

67 2541 117 2618 qui
135 2537 190 2597 sibi
211 2539 267 2597 iam
289 2538 420 2615 requiem
437 2553 553 2612 pugnae
573 2535 721 2614 rebusque
742 2537 863 2598 calmem

65 2621 230 2701 sperabant,
255 2637 333 2679 nunc
352 2636 433 2679 arma
451 2618 552 2678 volunt
569 2619 731 2698 foedusque
752 2627 910 2697 precantur

66 2707 204 2768 iniectum
227 2711 254 2764 et
276 2703 368 2763 Turni
388 2709 497 2762 sortem
514 2702 690 2762 miserantur
710 2702 846 2780 iniquam.

66 2790 111 2849 his
128 2787 205 2849 aliud
226 2788 320 2851 malus
341 2786 460 2847 Iuturna
482 2784 612 2863 adiungit
631 2793 660 2845 et
677 2784 734 2845 alto

67 2872 116 2932 dat
138 2874 253 2949 signum
275 2869 364 2939 caelo,
388 2887 446 2947 quo
467 2886 527 2928 non
548 2869 730 2946 praesentius
751 2867 843 2929 ullum
1017 2874 1068 2928 245

66 2955 193 3014 turbavit
211 2963 323 3016 mentes
342 2953 428 3015 Italas
448 2960 638 3030 monstroque
659 2951 768 3014 fefollit.

66 3054 192 3113 namque
213 3038 312 3098 volans
331 3037 422 3098 rubra
445 3037 536 3097 lrrlvos
556 3035 631 3097 lovis
652 3035 711 3112 ales
727 3038 757 3096 ln
778 3037 877 3097 aethra

65 3120 183 3180 litoreas
204 3121 330 3195 agitabat
350 3139 418 3181 aves
437 3120 612 3198 turbamque
634 3127 786 3181 sonantem

67 3202 189 3281 agminis
211 3202 321 3277 aligeri,
343 3202 439 3263 subito
462 3221 528 3263 cum
550 3202 649 3281 lapsus
666 3203 703 3263 ad
722 3203 816 3264 undas

67 3303 190 3365 cycnum
213 3284 401 3345 excellentem
421 3285 545 3363 pedibus
564 3288 639 3363 rapit
660 3285 803 3365 inprobus
824 3284 916 3345 uncis.
1016 3286 1067 3337 ²⁶⁰

67 3386 203 3429 arrexere
223 3369 336 3428 animos
358 3365 429 3435 ltall,
455 3375 635 3446 cunctaeque
656 3368 790 3429 volucres

67 3460 239 3514 convertunt
260 3450 387 3511 clamore
407 3449 505 3525 lugam
528 3449 674 3525 (mirabile
692 3451 764 3528 usu)

136 3565 269 3612 arneson,
289 3562 400 3600 naara.
