2400 3878
140 222 200 283 194
472 229 612 277 vnnmm
637 229 761 277 nnuma
778 229 814 276 vr

139 389 269 465 praescia
290 395 419 455 rentum,
444 385 480 446 da
503 384 572 463 (non
593 383 722 444 indebita
744 401 834 460 posco

139 490 231 549 regua
254 472 326 530 meis
349 471 424 546 latis)
446 469 528 529 Latio
553 469 705 528 considere
723 467 854 528 Teucros

139 555 323 632 errantisque
346 554 416 614 deos
437 554 602 630 agitataque
624 553 742 611 numina
765 550 879 611 Troiae.

141 648 201 698 tum
224 636 344 698 Phoebo
366 646 395 697 et
415 637 530 696 Triviae
548 633 640 695 solido
663 635 700 695 de
721 651 870 694 marmore
890 634 1034 712 templum

139 723 287 781 instituam
309 721 458 798 festosque
479 720 541 780 dies
563 718 599 780 de
621 719 740 779 nomine
762 718 881 778 Phoebi.

140 814 168 866 te
190 823 306 884 quoque
328 822 434 881 magna
455 810 573 863 manent
594 804 694 879 regnis
712 803 871 881 penetralia
893 804 1015 862 nostris:

140 889 187 948 hic
209 906 262 965 ego
283 905 409 965 namque
430 896 495 947 tuas
519 894 613 947 sortes
633 904 798 964 arcanaque
818 886 891 955 lata,

140 973 215 1031 dicta
238 991 320 1031 meae
338 973 432 1048 genti,
455 989 563 1047 ponam
583 969 733 1049 lectosque
754 969 892 1039 sacrabo,

139 1055 229 1117 aluta.
250 1056 335 1114 viros.
380 1054 455 1115 loliis
476 1061 590 1114 tantum
613 1072 651 1114 ne
674 1054 802 1115 carmina
825 1054 946 1116 manda.

140 1156 177 1199 ne
199 1137 315 1199 turbata
336 1137 434 1199 volent
456 1137 565 1215 rapidis
585 1137 711 1198 ludibria
732 1139 840 1198 ventis:

138 1223 201 1301 ipsa
220 1239 306 1282 canas
329 1220 408 1283 oro.'
451 1222 539 1282 linem
561 1223 641 1281 dedit
663 1239 714 1282 ore
731 1220 883 1299 loquendi.

180 1308 230 1375 nt,
254 1306 366 1366 Phoebi
387 1305 519 1366 nondum
538 1307 667 1383 patiens,
690 1307 823 1365 immanis
845 1306 875 1365 in
895 1313 980 1366 antro

137 1388 299 1452 bacchatur
321 1398 415 1458 vates,
438 1406 577 1466 magnum
599 1392 623 1449 si
644 1397 765 1467 pectora
784 1390 876 1467 possit

139 1475 301 1536 excussisse
324 1473 426 1535 deum:
449 1483 530 1533 tanto
550 1476 641 1550 magis
664 1473 711 1534 ille
733 1473 834 1551 fatigat

138 1577 170 1619 os
192 1558 340 1627 rabidum,
364 1558 426 1619 fera
450 1559 539 1618 corda
558 1559 695 1627 domans,
717 1558 857 1637 tingitque
879 1558 1055 1633 premendo.

139 1645 210 1702 ostia
230 1644 346 1721 iamque
369 1643 473 1702 domus
491 1650 614 1720 patuere
636 1643 763 1720 ingentia
787 1649 904 1702 centum

137 1735 241 1804 sponte
264 1743 316 1786 sua
338 1728 469 1802 vatisque
492 1727 591 1786 ferunt
610 1744 750 1804 responsa
773 1744 826 1802 per
849 1742 950 1784 auras:

137 1820 172 1868 ‘0
192 1809 310 1869 tandem
333 1811 444 1887 magnis
467 1809 562 1888 pelagi
584 1809 721 1870 defuncte
742 1808 859 1887 periclis

132 1892 197 1966 (sed
213 1902 308 1953 terrae
331 1894 464 1970 graviora
485 1894 627 1971 manent),
648 1894 678 1953 in
699 1910 791 1970 regna
808 1893 908 1953 Lavini

133 1976 321 2038 Dardanidae
340 1979 456 2036 venient
478 1977 568 2055 (mitte
589 1978 666 2037 hanc
688 1978 724 2037 de
746 1985 866 2054 pectore
886 1976 1017 2055 curam),

135 2059 256 2120 sednon
283 2068 312 2121 et
332 2061 445 2121 venisse
465 2060 571 2122 volent.
616 2061 708 2132 hella,
730 2060 849 2121 horrida
870 2059 948 2122 bella

136 2155 165 2202 et
182 2142 324 2222 Thybrim
342 2143 433 2204 multo
456 2154 641 2224 spumantem
661 2145 802 2224 sanguine
820 2162 919 2205 cerno.

135 2244 195 2286 non
217 2227 323 2287 Simois
345 2227 396 2288 tibi
418 2247 473 2289 nec
498 2228 631 2290 Xanthus
652 2248 707 2290 nec
727 2231 835 2289 Dorica
857 2235 952 2288 castra

136 2310 299 2380 defuerint3
323 2311 395 2372 alius
417 2312 499 2373 Latio
518 2315 575 2372 iam
597 2320 698 2391 partus
719 2311 861 2382 Achilles,

136 2402 221 2456 natus
244 2405 273 2456 et
294 2397 357 2475 ipse
377 2396 446 2465 dea:
468 2415 524 2457 nec
545 2398 668 2458 Teucris
691 2397 786 2458 addita
806 2397 878 2457 luno

135 2497 259 2558 usquam
282 2480 391 2541 aberit:
415 2499 483 2542 cum
505 2490 537 2542 tu
559 2480 682 2560 supplex
703 2484 733 2543 in
751 2481 841 2542 rebus
864 2481 965 2557 egenis

136 2581 208 2641 quas
229 2566 323 2641 gentis
345 2564 450 2625 Italum
470 2573 520 2625 aut
537 2583 609 2643 quas
629 2583 689 2626 non
709 2566 839 2626 oraveris
858 2563 962 2624 urbes!

136 2665 223 2708 causa
244 2648 313 2708 mali
335 2650 406 2709 tanti
429 2650 555 2709 coniunx
577 2653 686 2710 iterum
708 2649 823 2727 hospita
843 2648 968 2708 Teucris

135 2733 306 2810 externique
328 2734 434 2793 iterum
454 2732 583 2793 thalami.

134 2822 166 2874 tu
188 2832 225 2874 ne
249 2815 320 2875 cede
342 2815 440 2885 malis,
464 2815 516 2876 sed
529 2826 630 2876 contra
652 2817 805 2877 audentior
825 2817 864 2875 ito

134 2915 191 2974 qua
213 2906 311 2959 tuate
333 2899 461 2958 Fortuna
481 2900 564 2958 sinet.
609 2901 654 2959 ria
675 2902 770 2977 prima
793 2898 907 2968 salutis,

134 2981 213 3058 quod
233 2982 352 3041 minime
371 2983 462 3050 reris,
487 2983 573 3043 Graia
595 2982 740 3060 pandetur
762 2984 799 3046 ab
821 2981 920 3044 urbe'

175 3064 295 3125 Talibus
318 3083 353 3125 ex
371 3065 455 3144 adyto
479 3065 562 3126 dictis
582 3066 704 3145 Cymaea
727 3067 836 3148 Sibylla

133 3147 298 3209 horrendas
321 3150 398 3209 canit
419 3148 558 3228 ambages
579 3159 724 3231 antroque
744 3152 886 3229 remugit,

133 3231 266 3294 obscuris
288 3251 356 3294 vera
377 3234 540 3295 involvens:
564 3254 597 3296 ea
619 3236 701 3297 irena
722 3237 829 3297 liuenti
1117 3254 1168 3313 ιω

116 3317 261 3376 concutit
283 3324 311 3378 et
334 3317 467 3379 stimulos
488 3318 542 3378 sub
563 3330 684 3398 pectore
706 3323 791 3381 vertit
810 3316 924 3396 Apollo.

132 3406 165 3459 ut
185 3400 313 3478 primum
334 3404 419 3462 cessit
440 3403 523 3463 luror
547 3413 575 3465 et
594 3405 695 3465 rabida
715 3423 767 3465 ora
788 3403 939 3482 quierunt,

131 3484 233 3563 incipit
254 3485 367 3548 Aeneas
388 3486 491 3546 heros:
516 3496 590 3548 ‘non
611 3487 668 3549 ulla
690 3487 839 3555 laborum.
