2400 3878
128 167 190 231 382
449 180 479 228 r.
502 177 646 226 vnneun
667 176 820 224 rannerus

129 343 291 395 commotus
315 331 402 393 talem
424 332 460 392 ad
482 351 605 411 superos
628 331 747 392 volitare
769 328 905 408 pueliam,

128 418 197 478 dum
220 427 303 496 puter
326 417 469 476 extinctus
492 433 578 476 caeca
600 415 654 475 suh
677 424 762 475 nocte
785 413 899 484 iateret,

129 500 172 560 iili
194 520 247 580 pro
271 502 378 580 pietate
400 517 452 559 sua
475 498 552 576 (narn
575 517 663 578 saepe
684 501 829 558 nitentum

127 587 269 662 sanguine
292 593 442 644 taurorum
466 581 588 662 supplex
610 589 793 662 resperserat
814 597 888 650 aras,

127 686 215 746 saepe
238 667 325 728 derrm
348 665 429 744 iargo
453 667 606 727 decorarat
628 683 750 726 munere
773 663 867 742 sedes)

128 750 256 811 reddidit
278 759 406 829 optatam
430 759 541 810 mutato
564 767 689 828 corpore
710 750 799 807 vitam

128 835 254 914 fecitque
277 836 306 893 in
330 835 417 893 terris
439 833 597 893 haliaeetos
620 831 679 892 ales
701 841 733 892 ut
755 839 845 890 esset:

128 921 235 998 quippe
258 917 364 996 aquilis
386 935 503 996 semper
526 917 633 994 gaunlet
654 915 725 975 deus
747 912 795 974 ille
819 915 957 974 coruscis.

127 1001 196 1061 huie
218 1019 286 1060 vero
309 1003 449 1068 miserae,
473 1001 610 1079 quoniam
634 998 769 1059 damnata
792 997 914 1058 deorum

127 1085 235 1143 iudicio
258 1085 427 1162 patriaeque
450 1092 479 1142 et
500 1085 632 1160 coniugis
654 1091 721 1142 ante
744 1082 854 1150 inisset,

127 1168 225 1226 iniesti
247 1167 381 1245 adposuit
402 1167 501 1226 odium
524 1166 643 1226 crudele
666 1166 805 1245 parentis.

127 1268 253 1329 namque
275 1251 359 1310 utin
382 1249 513 1309 aetherio
535 1251 686 1327 signonrm
709 1267 832 1308 munere
854 1257 1014 1327 praestans,

126 1353 216 1394 uuum
240 1353 327 1412 quem
352 1333 461 1412 duplici
482 1332 628 1393 stellatum
651 1332 748 1393 sidere
770 1332 838 1401 vidi,

132 1419 266 1495 scorpios
288 1417 408 1477 alternis
430 1415 542 1477 clarum
564 1417 645 1494 sugat
667 1415 789 1477 Oriona:

127 1504 168 1560 sic
190 1504 268 1561 inter
289 1520 354 1561 sese
376 1503 474 1561 tristes
496 1500 654 1561 haliaeetos
677 1502 735 1560 iras

127 1593 156 1644 ei
178 1586 246 1644 ciris
269 1586 393 1645 rnernori
415 1592 532 1645 seruant
554 1584 590 1644 ad
612 1583 726 1644 saecula
751 1583 818 1642 iato.

127 1686 311 1747 quaerunque
333 1668 382 1728 iila
404 1667 498 1728 lerern
521 1667 636 1746 fugiens
658 1675 738 1726 secat
761 1665 880 1726 aethera
903 1664 1010 1742 pinnis,

45 1780 50 1788 ·
127 1769 196 1811 ecce
219 1752 354 1810 inimicus
376 1760 459 1812 atrox
482 1769 588 1830 magno
611 1751 737 1811 stridore
759 1767 813 1828 per
835 1768 920 1808 auras

127 1836 289 1911 insequitur
312 1835 413 1901 Nisus;
437 1853 547 1912 quase
571 1834 627 1895 iert
648 1834 734 1895 Nisus
756 1833 792 1893 ad
814 1851 909 1901 auras,

127 1915 175 1975 illa
197 1916 290 1976 levem
314 1917 429 1994 iugieus
451 1920 557 1995 raptim
580 1926 661 1978 secat
682 1918 800 1977 aethera
824 1919 930 1995 pinnis,

537 2171 732 2255 OOPA.

128 2332 206 2410 Copa
228 2330 358 2409 Suissa,
382 2330 586 2411 caputGraeca
600 2332 735 2393 redimita
757 2331 875 2402 mitella,

169 2416 297 2494 crispum
319 2415 373 2475 suh
397 2415 507 2476 crotalo
530 2417 614 2477 docta
637 2435 754 2477 morere
776 2415 859 2486 latus,

128 2498 208 2558 ehria
232 2499 343 2559 iumosa
366 2498 451 2560 saltat
471 2498 576 2560 lasciva
599 2499 729 2570 taberna,

168 2582 204 2640 ad
223 2581 351 2643 cubitum
374 2602 478 2643 raucos
501 2585 650 2644 excutiens
673 2583 812 2644 caiamos:

128 2664 215 2743 ‘quid
237 2666 315 2725 iuvat
337 2669 444 2727 aestivo
468 2666 612 2727 defessum
635 2667 753 2746 pulvere
776 2665 888 2726 abisse?

165 2769 251 2829 quam
267 2753 364 2830 potius
379 2751 464 2811 viduo
487 2750 660 2812 decubuisse
684 2749 757 2811 toro!

126 2841 194 2892 sunt
217 2835 294 2910 topia
318 2842 348 2892 et
370 2832 504 2903 calthae‚
529 2834 640 2912 cyathi,
664 2852 744 2904 rosa,
770 2833 852 2904 tibia,
877 2832 1003 2895 chordae

168 2923 198 2973 et
220 2914 335 2974 trichila
371 2916 516 2976 umbrosis
549 2917 654 2993 frigida
678 2917 885 2987 arundinihus;

127 3005 169 3055 est
192 3005 221 3056 et
242 3015 334 3075 vappa
357 2998 429 3058 cado
452 3017 546 3077 nuper
568 3000 670 3060 diffusa
694 3002 799 3080 picato,

168 3087 212 3139 est
233 3082 380 3159 crepitans
403 3099 491 3141 rauco
513 3101 665 3142 murmure
687 3085 765 3142 riuis
787 3101 887 3162 aquae.
967 3158 969 3163 Ι

126 3171 170 3222 est
193 3172 222 3224 et
243 3163 385 3224 hiaenaiio
408 3183 482 3244 quae
505 3167 597 3244 garrit
618 3165 703 3227 dulce
726 3165 778 3225 suh
802 3175 886 3228 antro

168 3249 277 3307 rustica
298 3250 423 3328 pastoris
446 3249 539 3310 tistuia
561 3267 644 3310 more
666 3268 783 3309 sonans.

123 3337 194 3390 sunt
216 3339 245 3391 et
267 3331 408 3410 Cecropio
430 3332 522 3394 rioiae
545 3335 580 3394 de
603 3333 674 3393 iiore
697 3333 825 3393 corollae

168 3421 303 3491 sertaque
325 3433 473 3494 purpurea
495 3416 573 3477 lutea
594 3418 684 3477 mixta
707 3433 786 3486 rosa;
