2454 3936
400 199 544 248 vesunu
563 198 688 247 sunnis
704 199 753 246 vu

75 359 204 426 llumlna,
227 367 289 417 tum
309 355 431 416 Noctem
449 353 607 430 Noctisque
629 354 751 414 orientia
773 351 854 431 signa

75 443 251 519 Idaeumque
270 438 369 501 lovem
389 438 603 517 Phrygiamque
625 456 661 498 er
683 436 784 496 ordine
805 444 928 496 matrem

75 528 189 586 invocat
211 534 239 584 et
261 522 385 602 duplicis
406 520 547 599 caeloque
569 520 716 599 ereboque
737 520 876 598 parentis.
1030 526 1079 578 1⁴0

75 608 123 669 hic
140 616 224 686 pater
243 608 427 685 omnipotens
447 611 492 666 ter
515 604 595 665 caelo
619 603 715 665 clarus
734 603 769 664 ah
792 601 849 662 alto

76 693 202 751 hitonuit
220 690 366 769 radiisque
387 688 540 749 ardentem
561 687 633 748 lucis
657 695 685 749 et
707 704 779 747 auro

76 776 138 853 lpse
160 792 249 834 manu
270 775 401 852 quatiens
421 771 547 832 ostendit
565 770 600 832 ah
617 770 736 832 aethere
757 768 875 831 nuhem.

77 857 184 918 diditur
202 857 250 917 hic
269 856 364 919 suhito
387 855 514 915 Troiana
535 872 588 931 per
608 855 724 931 agmina
746 871 847 914 rumor

77 941 227 1005 adverusse
249 941 334 1011 diem,
358 958 415 1019 quo
438 938 534 1000 dehita
555 939 669 1000 moenia
691 937 825 999 condant.

74 1027 221 1100 [certatim
235 1027 401 1087 instaurant
412 1022 511 1101 epulas
534 1029 620 1101 atque
640 1022 737 1082 omine
757 1038 863 1098 magno

79 1116 206 1167 crateras
227 1107 295 1168 laeti
316 1113 446 1167 statuunt
464 1113 492 1166 et
511 1107 577 1166 vina
601 1101 767 1184 coronant]

119 1191 238 1251 Postera
261 1209 325 1252 cum
349 1192 444 1268 prima
464 1189 607 1250 lustrabat
628 1188 762 1268 lampade
783 1197 877 1250 terras

78 1283 141 1333 orta
162 1274 231 1343 dies,
254 1273 359 1334 urbem
380 1281 408 1334 et
427 1274 492 1333 linis
514 1280 542 1334 et
560 1272 646 1334 litora
666 1275 761 1351 gentis

79 1357 184 1416 diversi
206 1355 374 1434 explorant:
396 1356 469 1416 haec
489 1356 577 1416 fontis
598 1364 700 1435 stagna
721 1355 844 1424 Numici,

78 1440 157 1500 hunc
178 1438 320 1518 Thybrim
341 1438 468 1507 lluvium,
491 1438 541 1499 hle
561 1439 645 1499 iortls
666 1438 799 1499 habitare
821 1436 947 1498 Latinos.

79 1531 140 1584 turn
162 1533 241 1583 satus
263 1522 389 1582 Anchisa
406 1519 533 1581 delectos
553 1521 655 1581 ordine
674 1520 710 1581 ab
736 1522 815 1581 omni

79 1614 197 1668 centum
218 1613 351 1665 oratores
374 1612 496 1680 augusta
517 1604 553 1664 ad
577 1604 692 1664 moenia
713 1605 792 1681 regls

78 1693 122 1751 ire
143 1688 232 1760 lubet,
253 1689 341 1750 ramis
362 1686 472 1749 velatos
494 1686 619 1748 Palladis
641 1687 744 1758 omnis,

79 1774 213 1850 donaque
234 1772 313 1833 ferre
335 1773 398 1831 viro
419 1789 583 1850 pacemque
603 1788 762 1848 exposcere
783 1772 924 1853 Teucris

10 1905 12 1909 .
79 1857 149 1917 haut
169 1874 261 1927 mora,
284 1855 420 1916 festinant
441 1855 511 1916 iussi
532 1854 701 1932 rapidisque
721 1855 856 1916 feruntur

79 1940 222 2020 passibus.
252 1940 315 2018 ipse
333 1936 436 1999 humili
457 1938 588 2014 designat
606 1939 721 1999 moenia
743 1939 821 1999 fossa

79 2022 256 2101 moliturque
277 2021 374 2083 locum
398 2023 567 2101 primasque
589 2023 619 2082 ln
639 2020 724 2083 litore
746 2022 830 2083 sedes

80 2115 243 2167 castrorum
261 2107 291 2166 in
312 2124 426 2167 morem
447 2107 545 2183 pinnis
567 2112 654 2184 atque
676 2122 784 2183 aggere
802 2106 899 2183 cingit.

80 2191 196 2269 iamque
218 2191 273 2251 iter
296 2183 517 2252 emensi'turris
540 2206 574 2249 ac
594 2196 670 2249 tecta
693 2189 862 2251 Latlnorum

80 2274 171 2334 ardua
193 2273 351 2335 cernebant
372 2275 491 2335 iuvenes
511 2290 656 2350 muroque
679 2272 824 2335 subibant.

81 2364 147 2417 ante
167 2356 271 2418 urbem
294 2359 379 2437 pueri
402 2365 430 2417 et
451 2357 600 2434 primaevo
620 2355 694 2417 llore
715 2358 850 2418 iuventus

82 2449 254 2502 exercentur
276 2440 577 2523 equis'domitantque
597 2440 627 2498 in
648 2436 768 2517 pulvere
789 2457 892 2500 currus

81 2533 131 2586 orit
150 2526 225 2585 acris
247 2523 370 2585 tendunt
391 2541 477 2583 arcus
500 2529 550 2581 aut
568 2520 646 2580 lenta
666 2520 783 2582 lacertis

81 2607 191 2687 spicula
210 2603 404 2684 contorquent
421 2622 567 2682 cursuque
587 2604 704 2681 ictuque
720 2602 884 2666 lacessunt:

82 2708 147 2752 cum
167 2699 337 2768 praevectus
358 2706 432 2767 equo
454 2687 588 2763 longaevi
609 2687 687 2764 regis
706 2686 742 2747 ad
761 2690 840 2748 auris

82 2775 201 2835 nuntius
223 2775 347 2851 ingentis
370 2773 468 2847 ignota
488 2772 518 2830 in
539 2779 619 2831 veste
641 2779 773 2849 reportat

83 2857 231 2940 advenisse
253 2860 340 2918 viros.
375 2855 423 2917 ille
441 2856 517 2915 lutra
539 2863 615 2915 tecta
634 2856 733 2914 uocari

82 2942 205 3018 imperat
225 2957 254 3002 et
275 2939 347 3003 sollo
368 2939 481 3001 medius
502 2938 634 2999 consedit
655 2939 740 2999 avito.

82 3030 190 3084 tectum
212 3033 367 3104 augustum
388 3024 500 3101 ingens,
525 3030 642 3084 centum
666 3021 789 3083 sublime
814 3019 965 3091 columnis,

82 3105 157 3167 urbe
179 3108 231 3168 luit
248 3125 369 3177 summa,
393 3107 546 3168 Laurentis
567 3107 648 3185 regia
669 3106 740 3176 Pici,

83 3188 264 3252 horrendum
288 3191 364 3265 silvis
385 3199 414 3252 et
434 3188 574 3268 religione
595 3197 758 3267 parentum.
789 3187 796 3196 ⁴

83 3271 131 3333 hic
153 3284 268 3353 sceptra
289 3276 423 3353 accipere
445 3281 474 3334 et
492 3275 603 3352 primos
625 3275 756 3334 attollere
778 3276 870 3331 fasces

83 3356 203 3434 regibus
223 3375 310 3419 omen
327 3366 397 3429 erat,
420 3356 477 3418 hoc
497 3357 553 3417 illis
572 3357 652 3417 curia
672 3352 823 3433 templum,

83 3439 139 3503 hae
162 3441 252 3503 sacris
273 3442 358 3505 sodes
377 3440 480 3522 epulis,
501 3441 550 3502 hic
569 3440 659 3502 ariete
678 3456 762 3500 caeso
