2400 3878
420 206 565 255 VERGILI
585 206 721 257 ECLOGA
744 210 781 255 lv

221 361 279 421 iarn
300 359 376 419 redit
397 367 426 420 et
446 363 546 459 virgo,
569 363 693 423 redeunt
715 363 850 423 Saturnia
871 382 977 442 regna3

221 444 279 505 iam
300 461 374 503 nova
396 446 552 521 progenies
575 445 655 506 caelo
678 447 837 506 demittitur
859 446 925 507 alto.

225 539 256 587 tu
277 526 366 591 modo
372 530 520 612 nascenti
533 546 648 617 puero,
673 547 762 607 qno
753 529 849 590 ferrea
849 535 998 623 primum

220 610 333 699 desinet
354 629 388 670 ιι
409 617 470 671 ιιιι
492 619 594 731 surffet
615 630 686 689 gens
707 630 796 673 aurea
818 589 937 693 mundo,

220 701 301 754 casta
319 691 396 754 fave
405 694 530 756 Lucina:
551 697 698 756 tnus'm
640 714 703 894 ιιῖιιι
714 679 824 784 regnat
843 678 946 773 Apollo
1008 750 1017 757 „

219 750 415 877 Tequssadeh
438 779 527 839 decus
548 779 605 840 hoc
627 798 690 840 ιιι
733 786 777 841 ιι
777 766 934 865 consule
959 714 1081 846 ιιι1

219 860 325 934 Polio
330 868 372 938 et
393 860 532 959 incipient
553 880 650 940 magm
670 864 833 940 procedere
855 883 987 930 menss:
980 912 1086 954 l
1134 922 1157 949 ,,

220 950 249 1004 ιι
271 945 360 1014 duce,
383 947 466 1023 siqua
488 953 607 1006 manent
627 945 747 1008 sceleris
768 949 888 1025 vestigia
910 950 1118 1037 nostrisa„
1096 977 1160 1021 »ψ
1166 933 1192 959 ⁸

219 1028 306 1088 imita
328 1036 469 1106 perpetua
492 1029 604 1090 solvent
624 1025 780 1091 tormidine
801 1038 905 1092 terras.
930 1033 953 1038 ”

223 1110 271 1172 ille
294 1113 381 1173 deum
402 1114 490 1174 vitam
468 1115 647 1210 accipiet,
670 1115 800 1192 divisque
821 1115 930 1176 videbit
1070 1129 1103 1182 15

218 1197 379 1272 permixtos
400 1176 524 1268 heroas',
545 1205 573 1258 et
594 1200 656 1275 ipse
678 1199 822 1259 videbitur
843 1198 908 1269 iliis,

218 1287 413 1377 pacatumque
433 1288 522 1370 reget.
538 1283 639 1358 patriis
662 1282 815 1343 virtutibus
837 1283 949 1343 orbem.

216 1363 253 1421 m
273 1363 335 1422 tibi
346 1364 455 1441 prima,
477 1373 566 1441 pu'er,
589 1364 669 1425 nullo
691 1365 865 1432 munusctda
886 1365 965 1426 cultu

220 1447 344 1505 errantis
365 1446 540 1506 hederas
509 1448 618 1541 passim
640 1467 706 1528 cum
727 1449 852 1527 baccare
872 1447 958 1508 tellus

221 1529 369 1605 mixtaque
385 1515 497 1588 bidenti
519 1514 668 1589 colocasia
684 1531 786 1590 tundet
807 1518 942 1591 acantho
1070 1542 1105 1595 ιι)

220 1612 301 1688 ipsae
322 1610 396 1672 lacte
419 1612 537 1672 domum
559 1611 692 1674 referent.
710 1614 833 1674 distenta
856 1612 984 1691 capellae

219 1694 326 1764 ubera,
349 1713 404 1755 nec
426 1711 548 1771 magnos
570 1702 700 1756 metuent
721 1704 852 1756 armenta
873 1695 982 1757 leones

220 1778 282 1854 ipsa
304 1776 356 1837 tibi
377 1777 500 1838 blandos
521 1778 645 1839 fundent
666 1778 810 1840 cunabula
832 1778 929 1840 flores.

220 1860 333 1921 occidet
355 1869 384 1922 et
404 1879 541 1939 serpens,
566 1869 595 1922 ιι
615 1861 701 1922 fallax
722 1863 816 1941 herba
837 1864 942 1923 veneni

221 1944 347 2012 occidet;
370 1945 520 2024 Assyrium
540 1943 625 2022 volgo
647 1953 783 2007 nascetur
805 1964 962 2006 amomum.
1069 1959 1103 2013 ιι

166 2032 168 2037 ’
223 2027 261 2088 At
281 2026 367 2089 simul
388 2028 512 2088 heroum
534 2028 634 2089 laudes
657 2036 686 2089 et
700 2028 782 2108 ¹iacta
803 2030 932 2106 parentis

218 2111 276 2171 iam
296 2111 396 2188 legere
419 2119 447 2172 ιι
469 2130 543 2190 quae
564 2113 602 2172 sit
621 2114 731 2189 poteris
753 2129 933 2188 cognoscere
954 2114 1060 2175 virtusz

219 2192 300 2254 molli
321 2194 460 2272 paulatim
481 2195 618 2256 flavescet
639 2213 759 2272 campus
782 2197 879 2266 arista,

160 2347 164 2353 ⁶
218 2269 393 2356 incultisque
414 2275 525 2339 rubens
545 2279 684 2356 pendebit
705 2279 837 2339 sentibus
858 2297 923 2347 uva,

219 2367 249 2421 ιι
269 2361 360 2421 durae
382 2380 509 2444 quercus
531 2361 677 2422 sudabunt
698 2362 814 2423 roscida
836 2361 932 2422 mella.
1070 2375 1105 2429 30

214 2462 308 2522 pauca
328 2450 428 2504 tamen
449 2444 593 2505 suberunt
613 2447 727 2522 priscae
748 2447 867 2522 vestigia
889 2443 1008 2515 fraudis,

220 2544 295 2604 quae
316 2533 458 2604 temptare
480 2527 595 2587 Thetim
622 2527 746 2595 ratibus,
776 2545 850 2604 quae
872 2529 990 2603 cingere
1012 2530 1104 2590 muris

221 2608 343 2686 oppida,
366 2626 442 2686 quae
463 2609 582 2668 iubeant
602 2608 699 2668 telluri
720 2609 863 2669 infindere
885 2607 991 2669 sulcos,

182 2762 183 2765 Ἴ
222 2691 295 2751 alter
318 2693 373 2751 erit
393 2698 455 2751 tum
476 2691 603 2770 Tiphys,
627 2698 654 2751 et
676 2690 767 2751 altera
789 2710 863 2769 quae
885 2692 972 2752 vehat
991 2694 1071 2772 Argo

220 2774 348 2836 delectos
370 2775 489 2844 heroas;
514 2781 599 2835 erunt
621 2776 706 2835 etiam
729 2774 819 2835 altera
841 2774 927 2845 bella,
1068 2788 1119 2843 35-

220 2865 308 2936 atque
335 2861 442 2919 iterum
471 2859 507 2919 ad
530 2859 647 2919 Troiam
669 2875 792 2935 magnus
813 2860 944 2920 mittetur
966 2859 1100 2922 Achilles.

217 2943 307 3012 Hinc,
330 2942 410 3003 ubi
403 2960 460 3021 ram
481 2943 608 3043 firmatas
617 2944 711 3003 virum
732 2950 762 3011 te
784 2943 886 3003 fecerit
908 2949 996 3013 aetas,

220 3027 304 3087 cedet
325 3016 366 3086 ιι
375 3028 438 3104 ipse
459 3028 532 3086 mari
554 3009 667 3097 ιιιιοι,
690 3044 746 3087 nec
754 3006 896 3087 'snautica
906 3028 992 3103 pinus

218 3109 342 3170 mutabit
363 3128 491 3171 merces:
514 3112 608 3170 omnis
629 3110 705 3171 feret
726 3112 822 3170 omnia
845 3108 937 3170 tellus

222 3211 282 3253 non
302 3201 414 3291 pastros
434 3195 559 3274 patietur
581 3195 702 3272 humus,
725 3211 788 3268 non¹
806 3194 889 3253 vinea
911 3193 1032 3265 falcem3
1067 3203 1102 3257 to

218 3274 357 3338 robustus
380 3279 575 3356 quoqne'iam
596 3279 688 3338 tau'ris
708 3275 890 3354 iuga'solvet
911 3286 1026 3352 arat0r;

218 3378 274 3420 nec
295 3362 390 3421 varios
413 3362 504 3422 discet
524 3362 641 3422 mentiri
662 3360 727 3420 lana
750 3357 872 3429 coloreo,

217 3443 280 3520 ipse
301 3444 353 3505 sed
374 3447 404 3505 in
426 3446 517 3523 pratis
539 3447 615 3506 arios
636 3445 694 3504 iam
715 3461 803 3504 suave
820 3442 942 3504 rubenti
