2400 3878
425 226 713 278 vnno1n1amns1s
734 227 746 273 1
1049 213 1088 275 93

120 383 175 448 Olli
195 383 351 446 subridens
372 383 524 443 hominum
547 388 627 442 sator
648 389 735 458 atque
757 380 879 441 deorum

81 466 174 538 voltu,
203 486 261 546 quo
284 466 396 528 caelum
418 473 661 544 tempestatesque
683 472 814 531 serenat,
1039 473 1089 528 255

81 549 181 611 oscula
204 550 303 611 libavit
322 557 421 619 natae,
444 549 550 609 dehinc
571 549 639 608 talia
659 548 752 608 iatur:

82 644 185 711 ‘parce
206 643 300 702 metu,
325 633 480 712 Cytherea:
503 639 621 693 manent
640 634 751 693 inmota
771 638 889 692 tuorum

80 717 138 777 iata
159 716 226 784 tibi:
250 734 353 777 cernes
374 716 481 777 urbem
501 723 530 777 et
548 717 691 795 promissa
713 716 813 776 Lavini

80 801 208 874 moenia,
227 799 443 878 sublimemque
454 800 532 860 leres
552 800 589 860 ad
611 800 708 860 sidera
729 799 801 860 caeli

80 885 297 961 magnanimum
312 884 445 952 Aenean:
466 901 563 962 neque
584 902 632 944 me
653 884 796 944 sententia
817 882 911 942 vertit.
1040 889 1091 944 mc
1103 949 1120 960 „-

80 967 128 1026 bic
148 967 201 1027 tibi
223 968 316 1046 (labor
339 969 432 1037 enim,
457 967 573 1046 quando
595 967 669 1027 haec
689 974 718 1026 te
736 984 807 1027 cura
829 934 996 1033 remfdet]

80 1049 195 1126 longius
215 1061 244 1112 et
266 1049 385 1111 volvens
405 1050 534 1111 fatorum
555 1068 662 1111 arcana
681 1050 815 1129 movebo)

79 1132 190 1194 bellum
210 1136 314 1211 ingens
335 1142 418 1211 geret
435 1134 516 1196 ltalia
537 1133 721 1213 populosque
741 1135 856 1194 seroces

81 1218 254 1286 contundet,
277 1235 434 1297 moresque
455 1219 523 1278 viris
547 1225 576 1279 et
592 1219 707 1278 moenia
728 1224 833 1295 ponet,

80 1301 165 1360 tertia
187 1301 257 1361 dum
279 1301 360 1361 Latio
382 1310 555 1378 regnantem
576 1301 681 1361 viderit
701 1308 795 1361 aestas

80 1391 223 1462 ternaque
245 1385 413 1444 transierint
434 1384 548 1445 Rutulis
569 1385 692 1444 hiberna
714 1383 852 1443 subactis.

80 1472 110 1526 at
129 1483 203 1543 puer
224 1467 381 1535 Ascanius,
405 1468 474 1545 quoi
495 1485 574 1526 nunc
595 1484 759 1542 cognomen
780 1465 843 1526 lulo

80 1549 197 1609 additur
213 1547 282 1627 (llus
302 1558 378 1618 erat,
403 1550 474 1609 dum
495 1567 543 1609 res
565 1551 646 1609 stetit
666 1547 717 1609 llia
739 1548 857 1626 regno),

80 1633 199 1708 triginta
220 1650 343 1710 magnos
363 1631 512 1692 volvendis
533 1630 683 1692 mensibus
704 1631 784 1691 orbis

80 1717 202 1793 imperio
225 1715 367 1795 explebit,
392 1733 575 1794 regnumque
597 1715 633 1775 ab
656 1714 726 1775 sede
747 1714 847 1775 Lavini

80 1798 250 1866 transferet,
275 1807 304 1859 et
324 1798 441 1877 longam
462 1798 598 1859 multari
619 1799 731 1859 muniet
752 1796 865 1859 Albam.

80 1881 127 1941 hic
146 1883 203 1942 iam
224 1891 270 1942 ter
291 1890 409 1943 centum
426 1890 503 1942 totos
520 1881 691 1959 regnabitur
713 1899 806 1942 annos

80 1972 167 2042 gente
184 1965 239 2026 sub
262 1965 420 2036 Hectorea,
442 1966 536 2026 donec
554 1967 656 2044 regina
674 1966 812 2025 sacerdos

79 2048 172 2109 Marte
193 2050 288 2125 gravis
310 2052 457 2127 geminam
478 2057 565 2129 partu
588 2049 668 2110 dabit
688 2048 739 2109 llia
758 2046 882 2126 prolem.

79 2131 147 2193 iude
168 2130 255 2209 lupae
277 2132 354 2193 lnlvo
375 2135 497 2194 nutricis
518 2135 646 2210 tegmine
666 2131 760 2194 laetus

78 2213 221 2276 Romulus
242 2217 366 2293 excipiet
387 2225 521 2294 gentem,
546 2224 574 2277 et
594 2217 734 2277 Mavortia
757 2216 864 2277 condet

79 2299 194 2358 moenia
215 2297 421 2379 Romanosque
439 2319 492 2362 suo
516 2300 553 2361 de
573 2302 692 2361 nomine
715 2301 802 2361 dicet.

79 2380 125 2439 his
147 2398 201 2459 ego
222 2399 277 2442 nec
297 2391 389 2444 metas
410 2403 512 2445 rerum
536 2403 592 2445 nec
613 2390 748 2462 tempora
769 2401 862 2461 pono,

79 2464 235 2540 imperium
258 2467 321 2525 sine
342 2467 400 2527 fine
422 2466 498 2527 dedi.
543 2468 613 2545 quin
635 2485 739 2543 aspera
758 2467 846 2539 luno,

79 2565 154 2624 quae
176 2565 258 2607 mare
281 2565 360 2608 nunc
378 2555 531 2627 terrasque
555 2555 635 2608 metu
658 2549 829 2627 caelumque
846 2547 960 2624 fatigat,

80 2628 199 2688 consilia
223 2631 252 2689 in
274 2631 377 2690 melius
399 2631 523 2700 reseret,
543 2648 718 2709 mecumque
739 2631 848 2691 fovebit

78 2711 241 2781 Romanae,
264 2732 365 2774 rerum
387 2715 536 2783 dominos,
560 2722 734 2792 gentemque
752 2721 891 2792 togatam.

78 2797 120 2856 sic
141 2795 288 2872 placitum.
333 2800 428 2859 veniet
448 2798 547 2858 lustris
565 2796 731 2858 labentibus
754 2805 848 2869 actae,

79 2896 145 2939 cum
166 2880 270 2940 domus
290 2881 423 2945 Assaraci
443 2882 578 2942 Phthiam
599 2882 749 2961 clarasque
770 2883 905 2961 Mycenas

77 2964 193 3023 servitio
214 2973 329 3041 premet
349 2984 384 3027 ac
404 2967 486 3026 victis
506 2966 702 3026 dominabitur
723 2966 817 3045 Argis.

77 3054 214 3107 nascetur
235 3048 358 3126 pulchra
379 3051 523 3111 Troianus
542 3051 654 3127 origine
677 3050 797 3120 Caesar,

77 3128 233 3206 imperium
257 3131 389 3203 Oceano,
410 3135 518 3195 tamam
540 3135 590 3212 qui
611 3135 749 3194 terminet
769 3135 868 3203 astris,

77 3211 180 3284 lulius,
204 3231 220 3273 a
241 3233 347 3292 magno
369 3217 527 3278 demissum
544 3235 653 3277 nomen
672 3216 744 3278 lulo.

77 3294 157 3355 hunc
178 3303 210 3356 tu
231 3296 299 3357 olim
321 3299 420 3370 caelo,
442 3299 541 3378 spoliis
563 3300 690 3361 Orientis
711 3307 848 3362 onustum

78 3379 203 3455 accipies
225 3397 343 3452 secura;
371 3384 522 3445 vocabitur
544 3383 592 3444 hic
614 3400 731 3461 quoque
752 3383 835 3443 votis.

77 3477 182 3540 aspera
203 3469 265 3525 tum
287 3468 396 3544 positis·
409 3469 562 3528 mitescent
583 3464 700 3527 saecula
720 3463 805 3528 bellis
