2400 3878
420 202 564 252 vunomr
582 202 722 251 ncnoou
742 203 779 250 vi
1062 190 1100 253 13

108 355 117 376 '
215 359 284 421 ΜΟ.
300 360 336 419 dt
352 364 384 419 tu
401 376 484 419 sume
498 357 616 435 pedum,
628 357 716 435 quod,
728 376 776 419 me
787 375 855 418 cum
869 375 957 435 saepe
973 363 1099 436 rogaret.

218 461 279 504 non
300 442 364 503 tulit
384 442 540 518 Antigenes
564 441 602 521 (et
623 447 686 501 erat
707 448 777 503 tunc
799 441 904 520 dignus
925 441 1025 521 amari)

218 527 400 588 formonsum
421 525 542 603 paribus
563 525 648 585 nodis
669 531 756 602 atque
777 543 862 596 aere,
883 523 1023 585 Menalca.
1067 535 1102 588 90

568 861 625 949 VI

217 1020 316 1082 Prima
339 1020 492 1100 Syracosio
515 1021 630 1096 dignata
653 1028 696 1082 est
717 1020 820 1082 ludere
841 1039 929 1083 versu

217 1111 317 1165 nostra
339 1122 434 1182 neque
457 1102 573 1165 eruhuit
594 1103 679 1164 silvas
701 1103 833 1165 hahitare
854 1105 973 1166 Thalea.

220 1207 287 1248 cum
310 1205 446 1248 canerem
468 1205 553 1265 reges
576 1193 605 1246 et
624 1188 749 1264 proelia,
773 1187 912 1266 Cynthius
933 1206 1033 1250 aurem

218 1272 295 1332 vellit
317 1278 346 1332 et
367 1272 531 1332 admonuit:
555 1278 729 1349 pastorem,
752 1271 866 1349 Tityre,
888 1273 1005 1350 pinguis

218 1371 339 1431 pascere
362 1361 477 1432 oportet
499 1355 573 1424 ovis,
597 1354 755 1416 deductum
778 1355 877 1415 dicere
899 1353 1037 1416 carmen'
1086 1367 1103 1419 ⁵

218 1455 297 1498 nuno
319 1455 374 1515 ego
396 1439 531 1516 (namque
545 1455 633 1515 super
649 1439 702 1498 tihi
719 1444 806 1498 erunt
820 1439 869 1515 qui
883 1438 981 1498 dicere
992 1436 1102 1509 laudes,

218 1519 310 1590 Varo,
332 1527 397 1582 tuas
420 1522 537 1597 cupiant
559 1524 587 1580 et
607 1522 699 1581 tristia
722 1520 850 1580 condere
871 1519 957 1588 bella)

219 1610 363 1682 agrestem
385 1605 464 1665 tenui
486 1603 649 1664 meditabor
670 1604 833 1664 harundine
854 1620 977 1663 musam.

218 1706 277 1748 non
293 1689 401 1750 iniussa
417 1705 499 1748 cauo.
536 1687 626 1765 siquis
646 1693 744 1748 tamen
765 1687 838 1747 haee
861 1704 991 1765 quoque,
1013 1687 1103 1766 siquis

221 1778 322 1850 captus
343 1790 444 1833 amore
465 1771 556 1850 leget:
580 1777 609 1830 te
629 1778 762 1841 nostrae,
785 1770 876 1840 Varo,
899 1773 1036 1849 myricae,
1069 1782 1104 1834 10

218 1862 247 1916 te
269 1873 372 1917 nemus
395 1873 481 1917 omne
504 1862 601 1923 canet;
623 1873 679 1916 neo
700 1854 821 1915 Phoebo
843 1855 954 1932 gratior
976 1853 1071 1923 ullast,

219 1958 306 2018 quam
328 1940 383 2000 sihi
405 1959 480 2018 quae
501 1940 571 2000 Vari
591 1940 781 2016 praescripsit
801 1939 908 2016 pagina
929 1956 1046 1999 nomen.

261 2022 394 2101 Pergite,
417 2023 556 2084 Pierides.
597 2022 731 2083 Chromis
747 2028 776 2083 et
789 2020 945 2100 Mnasyllos
965 2023 996 2082 in
1018 2027 1101 2083 antro

219 2105 348 2169 Silenum
369 2109 455 2184 pueri
477 2125 580 2167 somno
600 2107 701 2168 videre
721 2109 875 2176 iacentem,

218 2191 349 2253 inflatum
371 2192 508 2252 hesterno
529 2208 632 2260 venas,
654 2198 687 2252 ut
708 2208 839 2268 semper,
863 2189 985 2259 iaccho;
1070 2201 1103 2253 15

219 2281 297 2335 serta
318 2273 437 2354 procul,
459 2281 572 2336 tantum
595 2275 681 2352 capiti
703 2274 836 2353 delapsa,
859 2272 1003 2342 iacebant,

220 2365 248 2419 et
269 2361 365 2438 gravis
387 2360 483 2419 attrita
505 2358 652 2437 pendebat
673 2359 831 2419 cantharus
853 2373 932 2417 ausa.

219 2443 349 2520 adgressi
372 2443 451 2521 (nam
472 2460 559 2520 saepe
581 2460 671 2502 senex
692 2459 745 2520 spe
767 2441 905 2502 carminis
926 2438 1014 2500 ambo

219 2524 337 2604 luserat)
361 2526 482 2585 iniciunt
502 2528 573 2602 ipsis
595 2542 630 2584 ex
651 2524 766 2585 vincula
788 2526 882 2583 sertis.
936 2535 940 2544 ·

221 2608 301 2668 addit
322 2625 354 2668 se
376 2610 485 2667 sociam
506 2607 670 2684 timidisque
692 2607 860 2685 supervenit
879 2603 979 2680 Aegle,
1070 2616 1105 2670 20

219 2690 323 2768 Aegle,
346 2691 483 2750 naiadum
504 2690 718 2767 pulcherrima,
741 2690 857 2766 iamque
878 2688 986 2748 videnti

221 2776 389 2853 sanguineis
410 2775 537 2834 frontem
558 2775 650 2834 moris
672 2780 701 2834 ct
720 2779 854 2851 tempora
874 2773 976 2850 pingit.

221 2857 273 2920 Ille
295 2857 395 2920 dolum
416 2858 516 2918 ridens
539 2866 606 2935 ‘quo
627 2857 741 2919 vinceda
763 2854 904 2917 nectitisi'
926 2857 1028 2935 inquit.

220 2941 331 3003 ‘solvite
352 2960 415 3013 me,
438 2943 538 3020 pueri:
563 2943 631 3002 satis
653 2949 697 3002 est
718 2942 847 3018 potuisse
868 2939 970 3000 videri.

223 3028 351 3086 earmina
374 3044 449 3104 quae
470 3026 552 3086 voltis
575 3027 758 3102 cognoscite;
782 3025 912 3085 carmina
933 3023 1025 3094 vobio,
1067 3034 1103 3086 25

219 3109 288 3170 huic
310 3109 386 3170 aliud
401 3111 545 3171 mercedis
568 3107 642 3170 erit!
685 3108 772 3169 simul
793 3109 894 3185 incipit
914 3109 987 3182 ipse.

216 3198 279 3254 tum
300 3212 370 3254 vero
392 3195 422 3253 in
443 3211 599 3254 numerum
621 3193 782 3270 faunosque
804 3191 940 3269 ferasque
961 3190 1077 3251 videres

219 3275 335 3346 ludere,
359 3283 421 3338 tum
442 3278 550 3356 rigidas
572 3284 685 3337 motare
707 3276 858 3336 cacumina
880 3291 1025 3352 quercus;

217 3377 273 3420 nec
294 3367 406 3422 tantum
427 3361 547 3421 Phoebo
570 3360 676 3439 gaudet
696 3359 835 3421 Parrasia
856 3374 955 3434 rupes,

220 3459 275 3504 neo
296 3449 407 3505 tantum
422 3443 564 3521 Rhodope
585 3444 708 3503 miratur
730 3449 759 3503 et
773 3442 902 3502 Ismarus
917 3439 1043 3520 Orphea.
1067 3449 1103 3503 30
