2400 3878
140 214 181 276 84
425 224 566 273 maeror
584 223 784 273 ososorcou
807 222 861 273 mr

131 379 273 442 lustrabat
294 388 406 456 raptam
429 378 593 457 Eurydicen
615 383 703 455 atque
723 377 811 439 inrita
832 376 906 440 bitu

131 464 206 524 dona
228 480 368 540 querens;
412 469 528 538 spretae
549 460 689 521 Ciconum
710 477 768 537 quo
792 476 915 522 munere
938 469 1053 522 matres
1102 475 1160 529 520

123 548 206 607 inter
227 563 310 604 sacra
332 545 419 605 deum
441 544 636 621 nocturnique
658 543 739 618 orgia
762 541 870 605 Bacchi

131 629 308 705 discerptum
328 626 403 686 latos
424 628 557 686 iuvenem
579 642 714 703 sparsere
735 642 791 702 per
814 643 910 703 agros.

131 719 192 771 tum
214 728 330 788 quoque
353 726 516 769 marmorea
539 716 626 785 caput
647 727 664 769 a
687 711 801 771 cervice
823 707 971 769 revolsum

131 795 245 871 gurgite
266 810 333 852 cum
355 791 450 851 modio
472 800 592 868 portans
615 791 757 868 Oeagrius
779 792 897 852 Hebrus

130 875 271 944 volveret,
293 875 456 952 Eurydicen
478 892 533 934 ror
554 876 616 951 ipsa
638 884 668 934 ot
688 875 793 951 {rigida
814 874 913 953 lingua
1099 887 1156 942 525

132 960 163 1018 al
196 960 332 1018 miseram
353 956 517 1034 Eurydicen
538 958 633 1017 anima
655 957 784 1034 fugiente
806 958 936 1026 vocabat,

131 1040 295 1120 Eurydicen
316 1048 377 1098 toto
399 1039 567 1100 referebant
588 1040 707 1100 llumine
729 1039 830 1117 ripae!

172 1124 250 1184 Haec
271 1124 410 1191 Proteus,
433 1128 462 1183 et
483 1139 514 1181 se
536 1123 613 1181 iactu
635 1122 713 1183 dedit
734 1141 845 1200 aequor
866 1124 897 1182 in
918 1121 1019 1191 altum,

133 1225 247 1286 quaque
268 1205 360 1273 dedit,
384 1214 566 1281 spumantem
588 1205 696 1264 undam
718 1205 772 1264 sub
795 1206 903 1265 vertice
924 1204 1018 1265 torsit.
1105 1211 1108 1215 ’

133 1298 162 1349 at
182 1306 242 1348 non
264 1288 388 1367 Cyrene;
433 1304 559 1365 namque
580 1286 658 1346 ultro
681 1288 775 1348 adlata
795 1290 960 1348 timentem:

176 1380 272 1440 ‘nate,
296 1371 364 1431 licet
385 1371 475 1429 tristis
498 1370 594 1429 animo
617 1369 765 1446 deponere
787 1388 881 1430 curas.

134 1453 206 1516 baec
227 1455 321 1514 omnis
342 1452 439 1512 morbi
461 1469 563 1521 causa,
586 1453 654 1513 hinc
676 1452 840 1513 miserabile
862 1450 1018 1531 nymphae,

135 1557 200 1599 cum
222 1536 327 1616 qulbus
348 1535 396 1595 illa
418 1535 525 1596 choros
545 1534 618 1595 lucis
641 1535 767 1610 agitabat
787 1537 816 1596 in
839 1533 912 1602 altis,

135 1623 252 1680 exitium
273 1622 379 1680 misere
402 1618 514 1695 apibus.
558 1625 589 1678 tu
611 1635 733 1677 munera
755 1617 877 1695 supplex

133 1703 220 1762 tende
241 1709 343 1779 petens
364 1719 479 1779 pacem,
503 1709 531 1761 et
553 1701 644 1760 facilis
665 1718 807 1764 venerare
826 1716 965 1777 napaeas:

133 1802 259 1864 namque
281 1784 392 1844 dabunt
414 1785 525 1843 veniam
547 1784 633 1851 votis,
656 1784 773 1861 lrasquc
794 1784 950 1844 remittent

134 1871 184 1927 sei
199 1868 303 1927 modus
325 1864 428 1926 orandi
450 1866 498 1943 qul
520 1866 569 1932 sit,
592 1866 674 1942 prius
695 1867 797 1926 ordine
820 1866 923 1926 dicam.

135 1955 271 2028 quattuor
293 1949 413 2008 eximios
434 1949 594 2023 praestanti
614 1964 740 2024 corpore
760 1956 870 2017 tauros,

138 2033 185 2110 qui
207 2031 259 2091 tibi
281 2049 360 2091 nunc
381 2030 480 2090 viridis
501 2029 662 2106 depascunt
683 2049 796 2091 summa
818 2031 930 2110 Lycaei,

137 2115 247 2190 delige,
270 2121 299 2174 et
321 2116 427 2173 intacta
449 2113 568 2172 totidem
591 2115 703 2174 cervice
725 2116 869 2174 iuvencas.

138 2203 275 2275 quattuor
296 2197 342 2255 his
363 2213 428 2256 aras
450 2194 507 2255 alta
528 2195 564 2255 ad
587 2194 707 2256 delubra
731 2197 852 2257 dearum

136 2282 293 2348 constitue,
317 2288 346 2339 et
366 2296 483 2338 sacrum
504 2278 610 2353 iugulis
632 2279 749 2339 demitte
771 2297 917 2348 cruorem,

136 2379 319 2441 corporaque
340 2362 402 2438 ipsa
423 2359 513 2420 bourn
534 2360 674 2420 frondoso
697 2363 799 2422 desere
820 2362 896 2422 luco.

135 2451 202 2522 post
222 2443 272 2504 ubi
293 2461 370 2504 nona
392 2459 461 2503 suos
481 2443 595 2503 Aurora
617 2446 777 2504 ostenderit
798 2452 888 2513 ortus,

135 2527 253 2588 inferias
275 2526 384 2604 Orphei
406 2525 530 2586 Lethaea
553 2544 697 2604 papavera
719 2528 823 2596 mittes,

136 2617 164 2670 et
184 2612 298 2688 nigram
319 2608 460 2670 mactabis
481 2627 579 2678 ovem,
601 2608 758 2688 lucumque
780 2611 901 2670 revises:

135 2691 277 2770 placatam
298 2692 463 2770 Eurydicen
484 2691 572 2752 vitula
593 2692 772 2753 venerabere
794 2695 897 2752 caesa.¹

177 2775 253 2835 Haut
273 2793 371 2834 mora:
415 2775 552 2834 continuo
574 2777 674 2834 matris
695 2783 850 2851 praecepta
872 2775 1000 2842 secessim

137 2857 173 2917 ad
194 2855 316 2916 delubra
337 2857 429 2923 venit,
453 2862 628 2914 monstratas
650 2858 755 2915 excitat
776 2875 851 2925 aras,

136 2946 272 3017 quattuor
294 2938 414 2997 eximios
434 2938 592 3013 praestanti
614 2956 739 3015 corpore
759 2946 860 2999 tauros

136 3022 215 3081 ducit
236 3027 266 3080 et
285 3022 391 3079 intacta
412 3018 532 3078 totidem
555 3021 667 3081 cervice
688 3021 833 3082 iuvencas.

135 3111 202 3180 post
222 3103 273 3162 ubl
293 3119 370 3161 nona
391 3118 460 3161 suos
481 3102 595 3163 Aurora
616 3104 769 3164 induxerat
790 3115 881 3175 ortus,

136 3186 253 3246 inlerlas
275 3184 384 3261 Orphei
405 3185 503 3254 mittit,
525 3183 683 3265 lucumque
704 3189 812 3248 revisit.

136 3269 184 3328 hic
204 3285 273 3328 vero
294 3267 423 3329 subitum
444 3287 479 3328 ac
500 3269 579 3329 dictu
600 3269 732 3330 mirabile
754 3280 917 3332 monstrum

137 3352 292 3428 aspiciunt,
314 3350 469 3429 liquefacta
490 3351 580 3411 boum
601 3371 655 3430 per
676 3355 787 3414 viscera
807 3361 870 3414 toto
1097 3365 1152 3420 aad

137 3433 260 3495 stridere
281 3451 351 3511 apes
371 3441 455 3494 utero
478 3442 507 3496 et
527 3436 620 3512 ruptis
642 3437 781 3496 ellervere
803 3438 898 3502 costis.
