<?xml version="1.0" encoding="UTF-8"?>
<!DOCTYPE html PUBLIC "-//W3C//DTD XHTML 1.0 Transitional//EN"
    "http://www.w3.org/TR/xhtml1/DTD/xhtml1-transitional.dtd">
<html xmlns="http://www.w3.org/1999/xhtml" xml:lang="en" lang="en">
 <head>
  <title>
</title>
<meta http-equiv="Content-Type" content="text/html;charset=utf-8" />
  <meta name='ocr-system' content='tesseract 3.04.00' />
  <meta name='ocr-capabilities' content='ocr_page ocr_carea ocr_par ocr_line ocrx_word'/>
</head>
<body>
  <div class='ocr_page' id='page_1' title='image "./operainusumscho00virggoog_0428.png"; bbox 0 0 2400 3878; ppageno 0'>
   <div class='ocr_carea' id='block_1_1' title="bbox 461 171 835 221">
    <p class='ocr_par' dir='ltr' id='par_1_1' title="bbox 461 171 835 221">
     <span class='ocr_line' id='line_1_1' title="bbox 461 171 835 221; baseline -0.003 -1"><span class='ocrx_word' id='word_1_1' title='bbox 461 174 492 221; x_wconf 84' lang='lat' dir='ltr'><strong>P.</strong></span> <span class='ocrx_word' id='word_1_2' title='bbox 514 172 658 221; x_wconf 72' lang='lat' dir='ltr'><strong>vulturni</strong></span> <span class='ocrx_word' id='word_1_3' title='bbox 681 171 835 221; x_wconf 78' lang='lat' dir='ltr'>MARONIS</span> 
     </span>
    </p>
   </div>
   <div class='ocr_carea' id='block_1_2' title="bbox 637 360 669 418">
    <p class='ocr_par' dir='ltr' id='par_1_2' title="bbox 637 360 669 418">
     <span class='ocr_line' id='line_1_2' title="bbox 637 360 669 418; baseline 0.031 -1"><span class='ocrx_word' id='word_1_4' title='bbox 637 360 669 418; x_wconf 86' lang='lat' dir='ltr'><strong>V.</strong></span> 
     </span>
    </p>
   </div>
   <div class='ocr_carea' id='block_1_3' title="bbox 142 475 937 3294">
    <p class='ocr_par' dir='ltr' id='par_1_3' title="bbox 143 475 854 619">
     <span class='ocr_line' id='line_1_3' title="bbox 143 475 854 555; baseline 0.001 -20"><span class='ocrx_word' id='word_1_5' title='bbox 143 475 243 536; x_wconf 90' lang='lat' dir='ltr'><strong>lacere</strong></span> <span class='ocrx_word' id='word_1_6' title='bbox 265 494 327 546; x_wconf 86' lang='lat' dir='ltr'><strong>me,</strong></span> <span class='ocrx_word' id='word_1_7' title='bbox 351 475 428 554; x_wconf 94' lang='lat' dir='ltr'><strong>quod</strong></span> <span class='ocrx_word' id='word_1_8' title='bbox 452 475 508 535; x_wconf 90' lang='lat' dir='ltr'><strong>alta</strong></span> <span class='ocrx_word' id='word_1_9' title='bbox 531 495 590 537; x_wconf 95' lang='lat' dir='ltr'><strong>uon</strong></span> <span class='ocrx_word' id='word_1_10' title='bbox 612 477 738 555; x_wconf 84' lang='lat' dir='ltr'><strong>possim,</strong></span> <span class='ocrx_word' id='word_1_11' title='bbox 761 482 854 554; x_wconf 85' lang='lat' dir='ltr'><strong>putas,</strong></span> 
     </span>
     <span class='ocr_line' id='line_1_4' title="bbox 184 560 532 619; baseline 0 0"><span class='ocrx_word' id='word_1_12' title='bbox 184 568 217 619; x_wconf 92' lang='lat' dir='ltr'><strong>ut</strong></span> <span class='ocrx_word' id='word_1_13' title='bbox 239 567 305 619; x_wconf 89' lang='lat' dir='ltr'><strong>ante</strong></span> <span class='ocrx_word' id='word_1_14' title='bbox 326 560 436 619; x_wconf 87' lang='lat' dir='ltr'><strong>vectari</strong></span> <span class='ocrx_word' id='word_1_15' title='bbox 458 560 532 619; x_wconf 88' lang='lat' dir='ltr'><strong>lreta</strong></span> 
     </span>
    </p>

    <p class='ocr_par' dir='ltr' id='par_1_4' title="bbox 143 642 835 805">
     <span class='ocr_line' id='line_1_5' title="bbox 143 642 835 721; baseline -0.004 -18"><span class='ocrx_word' id='word_1_16' title='bbox 143 660 198 703; x_wconf 88' lang='lat' dir='ltr'><strong>uec</strong></span> <span class='ocrx_word' id='word_1_17' title='bbox 220 643 300 702; x_wconf 85' lang='lat' dir='ltr'><strong>serre</strong></span> <span class='ocrx_word' id='word_1_18' title='bbox 322 642 429 703; x_wconf 89' lang='lat' dir='ltr'><strong>durum</strong></span> <span class='ocrx_word' id='word_1_19' title='bbox 452 644 544 721; x_wconf 81' lang='lat' dir='ltr'><strong>frigus</strong></span> <span class='ocrx_word' id='word_1_20' title='bbox 567 650 617 702; x_wconf 90' lang='lat' dir='ltr'><strong>aut</strong></span> <span class='ocrx_word' id='word_1_21' title='bbox 639 649 751 702; x_wconf 88' lang='lat' dir='ltr'><strong>aestum</strong></span> <span class='ocrx_word' id='word_1_22' title='bbox 774 643 835 721; x_wconf 88' lang='lat' dir='ltr'><strong>pati</strong></span> 
     </span>
     <span class='ocr_line' id='line_1_6' title="bbox 184 727 637 805; baseline -0.004 -19"><span class='ocrx_word' id='word_1_23' title='bbox 184 744 280 805; x_wconf 89' lang='lat' dir='ltr'><strong>neque</strong></span> <span class='ocrx_word' id='word_1_24' title='bbox 302 745 384 786; x_wconf 88' lang='lat' dir='ltr'><strong>arma</strong></span> <span class='ocrx_word' id='word_1_25' title='bbox 405 728 524 786; x_wconf 73' lang='lat' dir='ltr'><strong>victoris</strong></span> <span class='ocrx_word' id='word_1_26' title='bbox 544 727 637 804; x_wconf 88' lang='lat' dir='ltr'><strong>sequi.</strong></span> 
     </span>
    </p>

    <p class='ocr_par' dir='ltr' id='par_1_5' title="bbox 142 807 823 972">
     <span class='ocr_line' id='line_1_7' title="bbox 142 807 823 884; baseline 0 -17"><span class='ocrx_word' id='word_1_27' title='bbox 142 807 252 884; x_wconf 86' lang='lat' dir='ltr'><strong>valent,</strong></span> <span class='ocrx_word' id='word_1_28' title='bbox 275 808 372 870; x_wconf 84' lang='lat' dir='ltr'><strong>valent</strong></span> <span class='ocrx_word' id='word_1_29' title='bbox 393 811 466 870; x_wconf 91' lang='lat' dir='ltr'><strong>mihi</strong></span> <span class='ocrx_word' id='word_1_30' title='bbox 487 813 532 870; x_wconf 92' lang='lat' dir='ltr'><strong>ira</strong></span> <span class='ocrx_word' id='word_1_31' title='bbox 554 817 583 870; x_wconf 89' lang='lat' dir='ltr'><strong>et</strong></span> <span class='ocrx_word' id='word_1_32' title='bbox 605 811 718 870; x_wconf 90' lang='lat' dir='ltr'><strong>anticus</strong></span> <span class='ocrx_word' id='word_1_33' title='bbox 739 808 823 869; x_wconf 84' lang='lat' dir='ltr'><strong>furor</strong></span> 
     </span>
     <span class='ocr_line' id='line_1_8' title="bbox 185 892 622 972; baseline -0.002 -19"><span class='ocrx_word' id='word_1_34' title='bbox 185 901 214 953; x_wconf 88' lang='lat' dir='ltr'><strong>et</strong></span> <span class='ocrx_word' id='word_1_35' title='bbox 235 892 349 971; x_wconf 78' lang='lat' dir='ltr'><strong>lingua,</strong></span> <span class='ocrx_word' id='word_1_36' title='bbox 373 912 429 972; x_wconf 94' lang='lat' dir='ltr'><strong>qua</strong></span> <span class='ocrx_word' id='word_1_37' title='bbox 452 892 547 954; x_wconf 90' lang='lat' dir='ltr'><strong>dicam</strong></span> <span class='ocrx_word' id='word_1_38' title='bbox 569 892 622 956; x_wconf 92' lang='lat' dir='ltr'><strong>tihi</strong></span> 
     </span>
    </p>

    <p class='ocr_par' dir='ltr' id='par_1_6' title="bbox 143 976 766 1140">
     <span class='ocr_line' id='line_1_9' title="bbox 143 976 766 1056; baseline 0 -20"><span class='ocrx_word' id='word_1_39' title='bbox 143 982 215 1056; x_wconf 75' lang='lat' dir='ltr'><strong>‘per</strong></span> <span class='ocrx_word' id='word_1_40' title='bbox 235 978 409 1055; x_wconf 80' lang='lat' dir='ltr'><strong>prostitutae</strong></span> <span class='ocrx_word' id='word_1_41' title='bbox 432 986 518 1056; x_wconf 80' lang='lat' dir='ltr'><strong>turpe</strong></span> <span class='ocrx_word' id='word_1_42' title='bbox 540 976 766 1038; x_wconf 89' lang='lat' dir='ltr'><strong>contubernium</strong></span> 
     </span>
     <span class='ocr_line' id='line_1_10' title="bbox 184 1061 649 1140; baseline -0.006 -18"><span class='ocrx_word' id='word_1_43' title='bbox 184 1061 310 1128; x_wconf 80' lang='lat' dir='ltr'><strong>sororis,</strong></span> <span class='ocrx_word' id='word_1_44' title='bbox 335 1080 352 1120; x_wconf 93' lang='lat' dir='ltr'><strong>o</strong></span> <span class='ocrx_word' id='word_1_45' title='bbox 375 1061 444 1140; x_wconf 92' lang='lat' dir='ltr'><strong>quid</strong></span> <span class='ocrx_word' id='word_1_46' title='bbox 467 1079 514 1120; x_wconf 89' lang='lat' dir='ltr'><strong>me</strong></span> <span class='ocrx_word' id='word_1_47' title='bbox 536 1063 649 1131; x_wconf 89' lang='lat' dir='ltr'><strong>incitas,</strong></span> 
     </span>
    </p>

    <p class='ocr_par' dir='ltr' id='par_1_7' title="bbox 142 1143 801 1288">
     <span class='ocr_line' id='line_1_11' title="bbox 142 1143 801 1222; baseline 0 -20"><span class='ocrx_word' id='word_1_48' title='bbox 142 1143 227 1222; x_wconf 93' lang='lat' dir='ltr'><strong>quid,</strong></span> <span class='ocrx_word' id='word_1_49' title='bbox 250 1144 388 1221; x_wconf 80' lang='lat' dir='ltr'>inpudice</span> <span class='ocrx_word' id='word_1_50' title='bbox 411 1151 441 1204; x_wconf 89' lang='lat' dir='ltr'><strong>et</strong></span> <span class='ocrx_word' id='word_1_51' title='bbox 460 1143 644 1222; x_wconf 82' lang='lat' dir='ltr'><strong>inprobanda</strong></span> <span class='ocrx_word' id='word_1_52' title='bbox 667 1143 801 1205; x_wconf 75' lang='lat' dir='ltr'><strong>Caesari?</strong></span> 
     </span>
     <span class='ocr_line' id='line_1_12' title="bbox 184 1226 565 1288; baseline 0.003 -2"><span class='ocrx_word' id='word_1_53' title='bbox 184 1245 236 1287; x_wconf 89' lang='lat' dir='ltr'><strong>seu</strong></span> <span class='ocrx_word' id='word_1_54' title='bbox 259 1226 336 1286; x_wconf 89' lang='lat' dir='ltr'><strong>lurta</strong></span> <span class='ocrx_word' id='word_1_55' title='bbox 360 1227 494 1288; x_wconf 90' lang='lat' dir='ltr'><strong>dicantur</strong></span> <span class='ocrx_word' id='word_1_56' title='bbox 516 1236 565 1287; x_wconf 90' lang='lat' dir='ltr'><strong>tua</strong></span> 
     </span>
    </p>

    <p class='ocr_par' dir='ltr' id='par_1_8' title="bbox 144 1310 600 1474">
     <span class='ocr_line' id='line_1_13' title="bbox 144 1310 600 1390; baseline 0.002 -21"><span class='ocrx_word' id='word_1_57' title='bbox 144 1318 173 1370; x_wconf 90' lang='lat' dir='ltr'><strong>et</strong></span> <span class='ocrx_word' id='word_1_58' title='bbox 194 1310 312 1370; x_wconf 91' lang='lat' dir='ltr'><strong>heluato</strong></span> <span class='ocrx_word' id='word_1_59' title='bbox 335 1329 401 1371; x_wconf 90' lang='lat' dir='ltr'><strong>sera</strong></span> <span class='ocrx_word' id='word_1_60' title='bbox 422 1312 600 1390; x_wconf 92' lang='lat' dir='ltr'><strong>patrimonio</strong></span> 
     </span>
     <span class='ocr_line' id='line_1_14' title="bbox 184 1395 529 1474; baseline 0 -20"><span class='ocrx_word' id='word_1_61' title='bbox 184 1395 215 1454; x_wconf 95' lang='lat' dir='ltr'><strong>in</strong></span> <span class='ocrx_word' id='word_1_62' title='bbox 237 1395 328 1455; x_wconf 81' lang='lat' dir='ltr'><strong>fratre</strong></span> <span class='ocrx_word' id='word_1_63' title='bbox 350 1396 529 1474; x_wconf 83' lang='lat' dir='ltr'><strong>parsimonia</strong></span> 
     </span>
    </p>

    <p class='ocr_par' dir='ltr' id='par_1_9' title="bbox 142 1476 724 1642">
     <span class='ocr_line' id='line_1_15' title="bbox 142 1476 724 1557; baseline 0 -21"><span class='ocrx_word' id='word_1_64' title='bbox 142 1476 188 1537; x_wconf 86' lang='lat' dir='ltr'><strong>vel</strong></span> <span class='ocrx_word' id='word_1_65' title='bbox 211 1485 274 1539; x_wconf 91' lang='lat' dir='ltr'><strong>acta</strong></span> <span class='ocrx_word' id='word_1_66' title='bbox 297 1498 390 1557; x_wconf 89' lang='lat' dir='ltr'><strong>puero</strong></span> <span class='ocrx_word' id='word_1_67' title='bbox 413 1497 479 1539; x_wconf 90' lang='lat' dir='ltr'><strong>cum</strong></span> <span class='ocrx_word' id='word_1_68' title='bbox 503 1480 572 1539; x_wconf 89' lang='lat' dir='ltr'><strong>viris</strong></span> <span class='ocrx_word' id='word_1_69' title='bbox 594 1478 724 1538; x_wconf 85' lang='lat' dir='ltr'><strong>convivia</strong></span> 
     </span>
     <span class='ocr_line' id='line_1_16' title="bbox 185 1561 657 1642; baseline 0 -21"><span class='ocrx_word' id='word_1_70' title='bbox 185 1561 318 1642; x_wconf 91' lang='lat' dir='ltr'><strong>udaeque</strong></span> <span class='ocrx_word' id='word_1_71' title='bbox 340 1581 402 1642; x_wconf 89' lang='lat' dir='ltr'><strong>per</strong></span> <span class='ocrx_word' id='word_1_72' title='bbox 416 1581 551 1623; x_wconf 89' lang='lat' dir='ltr'><strong>somnum</strong></span> <span class='ocrx_word' id='word_1_73' title='bbox 575 1569 657 1621; x_wconf 90' lang='lat' dir='ltr'><strong>nates</strong></span> 
     </span>
    </p>

    <p class='ocr_par' dir='ltr' id='par_1_10' title="bbox 145 1647 755 1799">
     <span class='ocr_line' id='line_1_17' title="bbox 145 1647 755 1725; baseline -0.005 -19"><span class='ocrx_word' id='word_1_74' title='bbox 145 1654 173 1706; x_wconf 94' lang='lat' dir='ltr'><strong>et</strong></span> <span class='ocrx_word' id='word_1_75' title='bbox 195 1648 288 1706; x_wconf 89' lang='lat' dir='ltr'><strong>inscio</strong></span> <span class='ocrx_word' id='word_1_76' title='bbox 310 1655 433 1725; x_wconf 88' lang='lat' dir='ltr'><strong>repente</strong></span> <span class='ocrx_word' id='word_1_77' title='bbox 456 1647 612 1707; x_wconf 88' lang='lat' dir='ltr'><strong>clamatum</strong></span> <span class='ocrx_word' id='word_1_78' title='bbox 634 1647 755 1723; x_wconf 83' lang='lat' dir='ltr'><strong>insuper</strong></span> 
     </span>
     <span class='ocr_line' id='line_1_18' title="bbox 186 1729 508 1799; baseline 0 -11"><span class='ocrx_word' id='word_1_79' title='bbox 186 1729 338 1799; x_wconf 87' lang='lat' dir='ltr'><strong>thalassio,</strong></span> <span class='ocrx_word' id='word_1_80' title='bbox 363 1730 508 1790; x_wconf 84' lang='lat' dir='ltr'><strong>thalassio.</strong></span> 
     </span>
    </p>

    <p class='ocr_par' dir='ltr' id='par_1_11' title="bbox 144 1811 810 1973">
     <span class='ocr_line' id='line_1_19' title="bbox 144 1811 810 1891; baseline -0.002 -19"><span class='ocrx_word' id='word_1_81' title='bbox 144 1813 213 1891; x_wconf 90' lang='lat' dir='ltr'><strong>quid</strong></span> <span class='ocrx_word' id='word_1_82' title='bbox 235 1812 379 1891; x_wconf 79' lang='lat' dir='ltr'><strong>polluisti,</strong></span> <span class='ocrx_word' id='word_1_83' title='bbox 403 1814 529 1873; x_wconf 82' lang='lat' dir='ltr'><strong>feminal</strong></span> <span class='ocrx_word' id='word_1_84' title='bbox 553 1831 589 1876; x_wconf 86' lang='lat' dir='ltr'><strong>an</strong></span> <span class='ocrx_word' id='word_1_85' title='bbox 612 1813 669 1872; x_wconf 92' lang='lat' dir='ltr'><strong>ioci</strong></span> <span class='ocrx_word' id='word_1_86' title='bbox 692 1811 810 1872; x_wconf 81' lang='lat' dir='ltr'><strong>dolenti</strong></span> 
     </span>
     <span class='ocr_line' id='line_1_20' title="bbox 186 1896 580 1973; baseline 0.003 -19"><span class='ocrx_word' id='word_1_87' title='bbox 186 1914 222 1955; x_wconf 91' lang='lat' dir='ltr'><strong>au</strong></span> <span class='ocrx_word' id='word_1_88' title='bbox 246 1896 321 1955; x_wconf 88' lang='lat' dir='ltr'><strong>lacta</strong></span> <span class='ocrx_word' id='word_1_89' title='bbox 344 1899 497 1973; x_wconf 82' lang='lat' dir='ltr'><strong>cognoscis</strong></span> <span class='ocrx_word' id='word_1_90' title='bbox 518 1897 580 1955; x_wconf 82' lang='lat' dir='ltr'><strong>tua?</strong></span> 
     </span>
    </p>

    <p class='ocr_par' dir='ltr' id='par_1_12' title="bbox 144 1978 762 2131">
     <span class='ocr_line' id='line_1_21' title="bbox 144 1978 762 2058; baseline -0.002 -19"><span class='ocrx_word' id='word_1_91' title='bbox 144 1998 202 2039; x_wconf 94' lang='lat' dir='ltr'><strong>nou</strong></span> <span class='ocrx_word' id='word_1_92' title='bbox 225 1997 273 2041; x_wconf 89' lang='lat' dir='ltr'><strong>me</strong></span> <span class='ocrx_word' id='word_1_93' title='bbox 295 1978 412 2038; x_wconf 83' lang='lat' dir='ltr'><strong>vocabis</strong></span> <span class='ocrx_word' id='word_1_94' title='bbox 434 1997 539 2058; x_wconf 90' lang='lat' dir='ltr'><strong>spurca</strong></span> <span class='ocrx_word' id='word_1_95' title='bbox 562 1996 616 2056; x_wconf 90' lang='lat' dir='ltr'><strong>per</strong></span> <span class='ocrx_word' id='word_1_96' title='bbox 638 1979 762 2056; x_wconf 78' lang='lat' dir='ltr'><strong>Cotyttia</strong></span> 
     </span>
     <span class='ocr_line' id='line_1_22' title="bbox 186 2062 521 2131; baseline 0 -9"><span class='ocrx_word' id='word_1_97' title='bbox 186 2062 222 2122; x_wconf 92' lang='lat' dir='ltr'><strong>ad</strong></span> <span class='ocrx_word' id='word_1_98' title='bbox 244 2063 364 2122; x_wconf 82' lang='lat' dir='ltr'><strong>feriatos</strong></span> <span class='ocrx_word' id='word_1_99' title='bbox 385 2063 521 2131; x_wconf 78' lang='lat' dir='ltr'><strong>fascium,</strong></span> 
     </span>
    </p>

    <p class='ocr_par' dir='ltr' id='par_1_13' title="bbox 144 2142 745 2308">
     <span class='ocr_line' id='line_1_23' title="bbox 144 2142 745 2210; baseline 0.008 -5"><span class='ocrx_word' id='word_1_100' title='bbox 144 2164 199 2205; x_wconf 94' lang='lat' dir='ltr'><strong>nec</strong></span> <span class='ocrx_word' id='word_1_101' title='bbox 219 2157 248 2207; x_wconf 87' lang='lat' dir='ltr'><strong>te</strong></span> <span class='ocrx_word' id='word_1_102' title='bbox 275 2162 394 2205; x_wconf 86' lang='lat' dir='ltr'><strong>movere</strong></span> <span class='ocrx_word' id='word_1_103' title='bbox 416 2142 564 2206; x_wconf 92' lang='lat' dir='ltr'><strong>lumbulos</strong></span> <span class='ocrx_word' id='word_1_104' title='bbox 586 2148 617 2207; x_wconf 92' lang='lat' dir='ltr'><strong>in</strong></span> <span class='ocrx_word' id='word_1_105' title='bbox 639 2149 745 2210; x_wconf 87' lang='lat' dir='ltr'><strong>caltula</strong></span> 
     </span>
     <span class='ocr_line' id='line_1_24' title="bbox 185 2228 590 2308; baseline 0.002 -20"><span class='ocrx_word' id='word_1_106' title='bbox 185 2230 301 2308; x_wconf 82' lang='lat' dir='ltr'><strong>prensis</strong></span> <span class='ocrx_word' id='word_1_107' title='bbox 323 2228 427 2289; x_wconf 72' lang='lat' dir='ltr'><strong>ridebo</strong></span> <span class='ocrx_word' id='word_1_108' title='bbox 450 2229 590 2290; x_wconf 87' lang='lat' dir='ltr'><strong>altaribus</strong></span> 
     </span>
    </p>

    <p class='ocr_par' dir='ltr' id='par_1_14' title="bbox 144 2311 922 2477">
     <span class='ocr_line' id='line_1_25' title="bbox 144 2311 922 2392; baseline 0.003 -20"><span class='ocrx_word' id='word_1_109' title='bbox 144 2312 307 2392; x_wconf 80' lang='lat' dir='ltr'><strong>flavumque</strong></span> <span class='ocrx_word' id='word_1_110' title='bbox 328 2322 450 2392; x_wconf 90' lang='lat' dir='ltr'><strong>proptor</strong></span> <span class='ocrx_word' id='word_1_111' title='bbox 472 2313 615 2392; x_wconf 83' lang='lat' dir='ltr'><strong>Thybrim</strong></span> <span class='ocrx_word' id='word_1_112' title='bbox 638 2311 751 2373; x_wconf 89' lang='lat' dir='ltr'><strong>olentes</strong></span> <span class='ocrx_word' id='word_1_113' title='bbox 772 2314 922 2375; x_wconf 87' lang='lat' dir='ltr'><strong>nauticum</strong></span> 
     </span>
     <span class='ocr_line' id='line_1_26' title="bbox 186 2396 642 2477; baseline 0.007 -22"><span class='ocrx_word' id='word_1_114' title='bbox 186 2415 305 2466; x_wconf 84' lang='lat' dir='ltr'><strong>vocare,</strong></span> <span class='ocrx_word' id='word_1_115' title='bbox 328 2396 380 2457; x_wconf 93' lang='lat' dir='ltr'><strong>ubi</strong></span> <span class='ocrx_word' id='word_1_116' title='bbox 403 2397 541 2477; x_wconf 83' lang='lat' dir='ltr'><strong>appulsae</strong></span> <span class='ocrx_word' id='word_1_117' title='bbox 563 2403 642 2459; x_wconf 86' lang='lat' dir='ltr'><strong>rates</strong></span> 
     </span>
    </p>

    <p class='ocr_par' dir='ltr' id='par_1_15' title="bbox 144 2481 785 2644">
     <span class='ocr_line' id='line_1_27' title="bbox 144 2481 785 2542; baseline 0 -1"><span class='ocrx_word' id='word_1_118' title='bbox 144 2488 222 2541; x_wconf 88' lang='lat' dir='ltr'><strong>stant</strong></span> <span class='ocrx_word' id='word_1_119' title='bbox 243 2482 273 2539; x_wconf 95' lang='lat' dir='ltr'><strong>in</strong></span> <span class='ocrx_word' id='word_1_120' title='bbox 296 2481 376 2540; x_wconf 90' lang='lat' dir='ltr'><strong>vadis</strong></span> <span class='ocrx_word' id='word_1_121' title='bbox 398 2500 488 2542; x_wconf 89' lang='lat' dir='ltr'><strong>caeno</strong></span> <span class='ocrx_word' id='word_1_122' title='bbox 510 2489 643 2541; x_wconf 89' lang='lat' dir='ltr'><strong>retentae</strong></span> <span class='ocrx_word' id='word_1_123' title='bbox 665 2481 785 2542; x_wconf 89' lang='lat' dir='ltr'><strong>sordido</strong></span> 
     </span>
     <span class='ocr_line' id='line_1_28' title="bbox 186 2565 620 2644; baseline 0 -20"><span class='ocrx_word' id='word_1_124' title='bbox 186 2582 344 2644; x_wconf 80' lang='lat' dir='ltr'><strong>maenaque</strong></span> <span class='ocrx_word' id='word_1_125' title='bbox 365 2565 508 2626; x_wconf 90' lang='lat' dir='ltr'><strong>luctantes</strong></span> <span class='ocrx_word' id='word_1_126' title='bbox 531 2583 620 2643; x_wconf 88' lang='lat' dir='ltr'><strong>aqua;</strong></span> 
     </span>
    </p>

    <p class='ocr_par' dir='ltr' id='par_1_16' title="bbox 144 2647 790 2810">
     <span class='ocr_line' id='line_1_29' title="bbox 144 2647 790 2727; baseline 0.003 -20"><span class='ocrx_word' id='word_1_127' title='bbox 144 2667 240 2727; x_wconf 90' lang='lat' dir='ltr'><strong>nequo</strong></span> <span class='ocrx_word' id='word_1_128' title='bbox 261 2649 293 2707; x_wconf 94' lang='lat' dir='ltr'><strong>in</strong></span> <span class='ocrx_word' id='word_1_129' title='bbox 315 2647 441 2708; x_wconf 92' lang='lat' dir='ltr'><strong>culinam</strong></span> <span class='ocrx_word' id='word_1_130' title='bbox 466 2657 494 2709; x_wconf 91' lang='lat' dir='ltr'><strong>et</strong></span> <span class='ocrx_word' id='word_1_131' title='bbox 515 2656 602 2708; x_wconf 90' lang='lat' dir='ltr'><strong>uncta</strong></span> <span class='ocrx_word' id='word_1_132' title='bbox 624 2649 790 2727; x_wconf 90' lang='lat' dir='ltr'><strong>compitalia</strong></span> 
     </span>
     <span class='ocr_line' id='line_1_30' title="bbox 187 2731 600 2810; baseline 0.005 -20"><span class='ocrx_word' id='word_1_133' title='bbox 187 2732 333 2810; x_wconf 88' lang='lat' dir='ltr'><strong>dapesque</strong></span> <span class='ocrx_word' id='word_1_134' title='bbox 357 2733 446 2792; x_wconf 89' lang='lat' dir='ltr'><strong>duces</strong></span> <span class='ocrx_word' id='word_1_135' title='bbox 467 2731 600 2793; x_wconf 89' lang='lat' dir='ltr'><strong>sordidas</strong></span> 
     </span>
    </p>

    <p class='ocr_par' dir='ltr' id='par_1_17' title="bbox 145 2814 719 2960">
     <span class='ocr_line' id='line_1_31' title="bbox 145 2814 719 2894; baseline 0.005 -21"><span class='ocrx_word' id='word_1_136' title='bbox 145 2814 250 2894; x_wconf 93' lang='lat' dir='ltr'><strong>quihus</strong></span> <span class='ocrx_word' id='word_1_137' title='bbox 271 2815 402 2893; x_wconf 87' lang='lat' dir='ltr'><strong>repletus</strong></span> <span class='ocrx_word' id='word_1_138' title='bbox 424 2825 456 2876; x_wconf 88' lang='lat' dir='ltr'><strong>ut</strong></span> <span class='ocrx_word' id='word_1_139' title='bbox 477 2815 607 2877; x_wconf 84' lang='lat' dir='ltr'><strong>salivosis</strong></span> <span class='ocrx_word' id='word_1_140' title='bbox 629 2815 719 2876; x_wconf 89' lang='lat' dir='ltr'><strong>labris</strong></span> 
     </span>
     <span class='ocr_line' id='line_1_32' title="bbox 188 2897 611 2960; baseline 0.002 -4"><span class='ocrx_word' id='word_1_141' title='bbox 188 2897 307 2956; x_wconf 88' lang='lat' dir='ltr'><strong>obesam</strong></span> <span class='ocrx_word' id='word_1_142' title='bbox 329 2898 365 2956; x_wconf 91' lang='lat' dir='ltr'><strong>ad</strong></span> <span class='ocrx_word' id='word_1_143' title='bbox 387 2917 509 2960; x_wconf 81' lang='lat' dir='ltr'><strong>uxorem</strong></span> <span class='ocrx_word' id='word_1_144' title='bbox 531 2900 611 2959; x_wconf 91' lang='lat' dir='ltr'><strong>redis</strong></span> 
     </span>
    </p>

    <p class='ocr_par' dir='ltr' id='par_1_18' title="bbox 146 2980 742 3141">
     <span class='ocr_line' id='line_1_33' title="bbox 146 2980 742 3061; baseline 0.002 -20"><span class='ocrx_word' id='word_1_145' title='bbox 146 2989 174 3041; x_wconf 93' lang='lat' dir='ltr'><strong>et</strong></span> <span class='ocrx_word' id='word_1_146' title='bbox 196 2987 361 3041; x_wconf 87' lang='lat' dir='ltr'><strong>aestuantes</strong></span> <span class='ocrx_word' id='word_1_147' title='bbox 383 2989 469 3041; x_wconf 88' lang='lat' dir='ltr'><strong>nocte</strong></span> <span class='ocrx_word' id='word_1_148' title='bbox 492 2980 579 3042; x_wconf 81' lang='lat' dir='ltr'><strong>solvis</strong></span> <span class='ocrx_word' id='word_1_149' title='bbox 600 2985 742 3061; x_wconf 83' lang='lat' dir='ltr'><strong>pantices,</strong></span> 
     </span>
     <span class='ocr_line' id='line_1_34' title="bbox 187 3063 595 3141; baseline 0.007 -18"><span class='ocrx_word' id='word_1_150' title='bbox 187 3082 220 3123; x_wconf 95' lang='lat' dir='ltr'><strong>os</strong></span> <span class='ocrx_word' id='word_1_151' title='bbox 243 3081 333 3141; x_wconf 90' lang='lat' dir='ltr'><strong>usque</strong></span> <span class='ocrx_word' id='word_1_152' title='bbox 356 3063 459 3124; x_wconf 89' lang='lat' dir='ltr'><strong>lambis</strong></span> <span class='ocrx_word' id='word_1_153' title='bbox 482 3066 595 3126; x_wconf 63' lang='lat' dir='ltr'><strong>saviis)</strong></span> 
     </span>
    </p>

    <p class='ocr_par' dir='ltr' id='par_1_19' title="bbox 147 3146 937 3294">
     <span class='ocr_line' id='line_1_35' title="bbox 147 3146 937 3228; baseline 0.001 -21"><span class='ocrx_word' id='word_1_154' title='bbox 147 3166 224 3208; x_wconf 91' lang='lat' dir='ltr'><strong>nunc</strong></span> <span class='ocrx_word' id='word_1_155' title='bbox 247 3146 345 3217; x_wconf 91' lang='lat' dir='ltr'><strong>laede,</strong></span> <span class='ocrx_word' id='word_1_156' title='bbox 365 3162 448 3209; x_wconf 62' lang='lat' dir='ltr'><strong>&#39;nunc</strong></span> <span class='ocrx_word' id='word_1_157' title='bbox 469 3148 594 3219; x_wconf 87' lang='lat' dir='ltr'><strong>lacesse,</strong></span> <span class='ocrx_word' id='word_1_158' title='bbox 618 3149 643 3210; x_wconf 90' lang='lat' dir='ltr'><strong>si</strong></span> <span class='ocrx_word' id='word_1_159' title='bbox 666 3150 825 3228; x_wconf 88' lang='lat' dir='ltr'><strong>quidquam</strong></span> <span class='ocrx_word' id='word_1_160' title='bbox 847 3146 937 3208; x_wconf 87' lang='lat' dir='ltr'><strong>valesl</strong></span> 
     </span>
     <span class='ocr_line' id='line_1_36' title="bbox 190 3232 620 3294; baseline 0.012 -5"><span class='ocrx_word' id='word_1_161' title='bbox 190 3239 218 3290; x_wconf 88' lang='lat' dir='ltr'><strong>et</strong></span> <span class='ocrx_word' id='word_1_162' title='bbox 240 3249 348 3293; x_wconf 89' lang='lat' dir='ltr'><strong>nomen</strong></span> <span class='ocrx_word' id='word_1_163' title='bbox 371 3232 506 3293; x_wconf 87' lang='lat' dir='ltr'><strong>adscribo</strong></span> <span class='ocrx_word' id='word_1_164' title='bbox 528 3241 620 3294; x_wconf 92' lang='lat' dir='ltr'><strong>tuum.</strong></span> 
     </span>
    </p>
   </div>
   <div class='ocr_carea' id='block_1_4' title="bbox 147 3313 788 3478">
    <p class='ocr_par' dir='ltr' id='par_1_20' title="bbox 147 3313 788 3478">
     <span class='ocr_line' id='line_1_37' title="bbox 147 3313 788 3395; baseline 0.002 -21"><span class='ocrx_word' id='word_1_165' title='bbox 147 3313 269 3374; x_wconf 90' lang='lat' dir='ltr'><strong>cinaedo</strong></span> <span class='ocrx_word' id='word_1_166' title='bbox 291 3315 378 3387; x_wconf 88' lang='lat' dir='ltr'><strong>Luci,</strong></span> <span class='ocrx_word' id='word_1_167' title='bbox 402 3335 440 3377; x_wconf 88' lang='lat' dir='ltr'><strong>an</strong></span> <span class='ocrx_word' id='word_1_168' title='bbox 460 3324 490 3376; x_wconf 87' lang='lat' dir='ltr'><strong>te</strong></span> <span class='ocrx_word' id='word_1_169' title='bbox 512 3315 697 3395; x_wconf 89' lang='lat' dir='ltr'><strong>reliquerunt</strong></span> <span class='ocrx_word' id='word_1_170' title='bbox 717 3333 788 3395; x_wconf 89' lang='lat' dir='ltr'><strong>opes</strong></span> 
     </span>
     <span class='ocr_line' id='line_1_38' title="bbox 188 3398 624 3478; baseline 0.009 -22"><span class='ocrx_word' id='word_1_171' title='bbox 188 3398 322 3476; x_wconf 77' lang='lat' dir='ltr'><strong>lauteque</strong></span> <span class='ocrx_word' id='word_1_172' title='bbox 344 3401 464 3476; x_wconf 80' lang='lat' dir='ltr'><strong>genuini</strong></span> <span class='ocrx_word' id='word_1_173' title='bbox 486 3400 624 3478; x_wconf 80' lang='lat' dir='ltr'><strong>crepanti</strong></span> 
     </span>
    </p>
   </div>
   <div class='ocr_carea' id='block_1_5' title="bbox 0 0 1210 3878">
    <p class='ocr_par' dir='ltr' id='par_1_21' title="bbox 0 0 1210 3878">
     <span class='ocr_line' id='line_1_39' title="bbox 0 0 1210 3878; baseline 0 0"><span class='ocrx_word' id='word_1_174' title='bbox 0 0 1210 3878; x_wconf 95' lang='lat' dir='ltr'><strong> </strong></span> 
     </span>
    </p>
   </div>
  </div>
 </body>
</html>
