2400 3878
390 215 533 263 vnncrnr
553 214 677 264 annuns
692 215 741 264 vu
1014 204 1075 264 237

22 399 24 403 ’
65 372 193 449 tegmina
215 372 280 450 quis
301 371 429 447 capitum
449 376 550 448 raptus
572 370 609 431 de
629 369 736 451 subere
756 376 865 439 cortex,

65 462 239 533 aerataeque
260 454 369 514 micant
389 453 494 532 peltae,
514 455 602 514 micat
623 472 728 516 aereus
749 454 837 514 ensis.

106 539 143 599 Et
161 546 190 598 te
211 544 363 607 montosae
385 539 493 599 misere
512 539 542 598 in
563 538 674 616 proelia
696 538 815 607 Nersae,

66 623 164 691 Uiens,
186 621 329 700 insignem
351 621 430 682 lama
450 630 479 682 et
499 619 634 682 felicibus
655 622 758 700 armis3

64 706 185 765 horrida
202 705 361 785 praecipue
383 706 430 766 cui
449 721 520 782 gens
544 704 721 784 adsuetaque
743 703 834 766 multo

65 796 167 850 venatu
191 807 355 860 nemorum,
378 789 459 850 durh
480 787 639 869 Aequicula
659 789 778 869 glaebis.

65 874 167 932 armati
188 880 298 933 terram
318 879 465 942 exercent,
487 889 663 952 semperque
679 873 807 936 recentis

66 963 238 1017 convectare
259 957 338 1018 iurat
359 957 484 1035 praedas
506 964 535 1018 et
556 957 652 1018 nivere
674 964 768 1037 rapto.

106 1040 181 1111 Quin
203 1048 230 1100 et
251 1040 396 1102 Marruvia
419 1041 497 1101 venit
518 1040 661 1118 degente
683 1043 831 1114 sacerdos,

65 1123 170 1183 fronde
191 1141 280 1201 super
301 1123 414 1201 galeam
437 1131 466 1185 et
487 1123 563 1186 ielici
586 1131 719 1204 comptus
739 1125 822 1196 oliva,

63 1206 203 1285 Archippi
223 1208 300 1286 regis
321 1209 422 1277 missu,
445 1209 621 1270 fortissimus
641 1208 763 1281 Umbro,

65 1290 181 1368 vipereo
205 1292 305 1368 generi
328 1298 355 1352 et
375 1293 502 1368 graviter
523 1293 702 1372 spirantibus
722 1293 822 1375 hydris

65 1391 205 1450 spargere
227 1375 278 1453 qui
300 1392 419 1435 somnos
441 1383 587 1454 cantuque
609 1395 756 1455 manuque
778 1376 890 1438 solebat

64 1455 269 1536 mulcebatque
289 1459 347 1530 iras
370 1466 399 1517 et
420 1476 535 1518 morsus
556 1465 620 1519 arte
637 1459 761 1521 levabat.

63 1539 115 1599 sed
137 1557 197 1600 non
219 1539 383 1601 DardanIae
404 1539 545 1601 medicari
567 1541 696 1619 cuspidis
713 1544 804 1603 ictum

65 1622 176 1695 evaluit,
201 1641 296 1702 neque
318 1641 385 1684 eum
404 1625 504 1685 iuvere
524 1626 554 1684 in
575 1624 694 1685 vohrera
716 1632 818 1687 cantus

63 1706 206 1768 somnifer
238 1714 266 1768 et
288 1707 391 1766 hlarsis
413 1709 561 1786 quaesitae
581 1708 731 1772 montibus
753 1709 872 1772 herbae.

63 1798 91 1849 te
113 1808 218 1850 nemus
239 1791 379 1869 Angitiae,
402 1792 492 1852 vitrea
514 1798 544 1853 te
561 1792 691 1853 Fucinus
711 1793 798 1863 unda,

62 1883 91 1933 te
116 1872 217 1953 liquidi
239 1874 346 1935 flevere
363 1873 453 1936 lacus.

104 1957 167 2017 lbat
188 1967 217 2019 et
238 1957 385 2038 Hippolyti
406 1959 505 2038 proles
522 1957 721 2038 pulcherrima
742 1960 830 2031 bello,

65 2039 187 2110 Virbius,
210 2043 353 2118 insignem
375 2062 463 2122 quem
485 2050 579 2104 mater
601 2043 698 2104 Aricia
719 2046 807 2116 misit,

62 2123 199 2185 eductum
220 2125 343 2204 Egeriae
363 2124 437 2188 lucis
458 2128 588 2188 umentia
606 2128 717 2188 circum

61 2204 156 2278 litora,
179 2211 295 2286 pinguis
316 2208 368 2269 ubi
391 2218 420 2271 et
440 2209 593 2288 placabilis
615 2228 665 2271 ara
689 2211 804 2273 Dianae.

62 2307 189 2367 namque
202 2293 301 2353 ierunt
313 2293 389 2353 lama
404 2292 602 2375 lhppolytum,
614 2303 769 2375 postquam
782 2303 845 2356 arto
856 2312 999 2357 novercae
1024 2303 1073 2352 777

62 2373 203 2435 occiderit
223 2377 390 2455 patriasque
411 2376 534 2455 explerit
554 2379 696 2454 sanguine
717 2394 828 2457 poenas

62 2456 185 2515 turbatis
207 2457 361 2518 distractus
384 2460 475 2536 equis,
503 2460 538 2519 ad
560 2458 658 2520 sidera
680 2478 785 2522 rursus

62 2538 191 2599 aetheria
214 2547 242 2600 et
262 2557 384 2617 superas
407 2539 478 2601 caeli
502 2543 616 2602 venisse
637 2543 691 2604 sub
712 2561 807 2613 auras,

62 2623 195 2682 Paeoniis
216 2630 384 2683 revocatum
406 2623 507 2684 herbis
530 2632 559 2685 et
579 2642 681 2686 amore
701 2625 818 2688 Dianae.

62 2714 123 2766 tum
147 2712 231 2783 pater
253 2707 446 2784 omnipotens,
470 2706 597 2786 aliquem
617 2708 785 2786 indignatus
807 2712 843 2772 ab
866 2711 978 2772 umbris
1021 2720 1073 2769 770

61 2788 214 2849 mortalem
231 2789 354 2850 iniernis
376 2790 413 2851 ad
433 2790 543 2851 lumina
563 2808 686 2870 surgere
708 2794 791 2865 vitae,

60 2874 123 2949 ipse
144 2881 327 2952 repertorem
349 2873 511 2936 medicinae
531 2874 596 2936 talis
618 2882 646 2936 et
668 2878 739 2938 artis

62 2955 181 3017 lulmine
202 2957 419 3038 Phoebigenam
442 2958 555 3038 Stygias
577 2959 700 3043 detrusit
722 2961 759 3022 ad
781 2962 882 3023 undas.

61 3046 89 3099 at
108 3039 205 3100 Trivia
227 3041 412 3123 Hippolytum
431 3045 552 3106 secretis
572 3042 647 3106 alma
669 3042 804 3107 'recondit

62 3121 180 3182 sedibus
201 3131 229 3184 et
250 3126 395 3205 nymphae
417 3127 540 3206 Egeriae
562 3130 735 3207 nemorique
758 3130 878 3208 relegat,
1021 3137 1069 3187 777

61 3202 140 3266 solus
162 3206 212 3266 ubi
234 3209 263 3267 in
284 3209 359 3270 silvis
383 3210 461 3271 Italis
481 3210 618 3289 ignobilis
640 3208 741 3284 aenom

61 3289 191 3364 erigeret
211 3308 354 3372 versoque
372 3293 423 3354 ubi
444 3295 563 3356 nonrine
584 3293 700 3357 Virbius
719 3304 805 3357 esset.

60 3374 137 3432 unde
160 3373 245 3433 etiam
269 3374 378 3454 templo
399 3378 513 3439 'l'rlriae
534 3377 666 3456 lucisque
689 3379 809 3440 sacratis

61 3455 233 3534 cornipedes
251 3466 390 3520 arcentur
412 3463 488 3541 equi,
511 3461 589 3540 quod
610 3460 695 3523 litore
716 3479 835 3525 currum
