2400 3878
276 243 305 290 P.
321 241 465 289 vesona
487 240 642 290 Mnaouls
665 241 853 289 anundum.
961 243 1075 291 XXXIII

63 401 201 475 ingenium
222 417 274 456 usu
296 399 431 456 cotidiano
458 399 534 455 iacile
555 400 806 473 exsplendesccret:
833 402 1017 464 tardissimus,
1045 411 1074 458 ut

63 484 193 546 diximus,
217 485 245 540 lu
265 500 405 555 sermono,
431 483 524 539 tardus
545 485 573 539 in
590 481 758 540 elaborandis
781 501 890 558 quoque
915 483 1074 540 carminibus

63 575 134 629 erat,
157 583 225 640 quae
240 583 319 623 ursae
335 583 410 623 more
431 583 460 623 se
479 582 574 640 parere
595 566 719 622 Informis
739 575 767 622 et
788 566 928 624 lambendo
948 568 1074 641 paulatim

66 649 200 723 effingere
215 644 393 722 dictitabat1).
425 650 474 706 hac
494 666 559 705 usus
575 650 771 722 consuetudine
781 698 782 702 ,
792 653 919 725 georgica
934 668 993 707 cum
1009 653 1074 707 scri·

62 733 140 789 beret
166 733 298 789 ‘traditur
318 734 417 789 cotidie
437 733 579 789 meditatos
605 749 682 789 mane
707 733 838 807 plurimos
858 751 952 791 versus
973 735 1074 791 dictare

62 815 160 873 solitus
177 834 207 874 ac
225 834 275 891 per
289 825 378 873 totum
393 816 462 872 diem
480 815 648 872 retractando
664 817 696 872 ad
717 819 892 890 paucissimos
907 818 1032 892 redigere
1039 810 1072 890 ²).

148 898 293 957 ‘Aeneida'
308 918 372 957 vero
390 900 489 973 ‘prosa
504 902 577 974 prius
594 901 716 956 oratione
732 899 871 957 formatam
887 902 1074 976 digestamque

65 985 93 1038 in
109 983 156 1038 XII
171 983 254 1041 libros
271 983 451 1058 particulatim
466 999 629 1056 componere
644 985 763 1040 instituit
778 993 860 1057 prout
881 984 977 1041 liberet
997 985 1074 1058 quid·

65 1083 118 1139 que
134 1075 162 1122 et
177 1067 245 1122 nihil
261 1069 288 1122 in
305 1069 425 1124 ordinem
441 1068 580 1140 arripiens.
607 1084 636 1123 ac
652 1083 685 1122 nc
700 1068 764 1139 quid
779 1069 908 1142 impetum
923 1076 1074 1124 moraretur

64 1150 192 1223 quaedam
205 1151 354 1224 inperfecta
368 1151 524 1213 transmisit,
541 1149 590 1206 alla
604 1150 745 1206 levissimis
757 1151 877 1207 versibus
890 1152 973 1207 veluti
988 1151 1072 1212 iulsit.

17 1271 19 1275 «
64 1249 133 1306 quos
154 1250 204 1306 per
225 1236 314 1289 iocum
336 1251 386 1307 pro
409 1233 561 1290 tibiclnlhus
582 1235 719 1306 lntcrponi
734 1235 818 1291 aiebat
833 1235 865 1290 ad
886 1235 1074 1291 sustinendum

64 1333 147 1391 opus,
170 1317 257 1373 donec
272 1317 375 1374 solidae
398 1317 538 1374 columnae
553 1310 763 1390 advenirent³).’
799 1335 931 1391 quamque
946 1321 1074 1373 immensa

66 1401 217 1456 studiorum
239 1403 264 1456 vi
286 1402 340 1461 hoc
360 1403 472 1456 maxime
491 1417 587 1473 poema
607 1402 768 1456 instructum
783 1404 819 1457 sit
839 1410 866 1457 et
886 1404 945 1474 ipse
960 1400 1074 1473 epistula

62 1499 145 1557 supra
159 1483 265 1540 laudata
279 1491 396 1541 testatur
410 1493 438 1540 et
453 1491 679 1540 commentatores
694 1486 797 1557 antiqui
812 1483 935 1540 demirati
949 1492 1024 1538 suut.

146 1566 276 1624 Recitavit
291 1568 427 1641 Vergilius
448 1583 502 1640 quo
524 1575 582 1622 erat
603 1566 682 1621 autimi
703 1567 808 1641 pudore
823 1569 939 1622 carmina
954 1583 1002 1621 sua
1016 1567 1073 1640 pla·

62 1666 176 1724 rumque
190 1653 262 1707 inter
277 1668 392 1724 paucos,
414 1666 475 1706 raro
491 1649 613 1724 pluribus
630 1649 676 1704 ‘et
691 1667 722 1706 ea
736 1651 808 1714 iere,
830 1651 864 1705 de
880 1648 976 1722 quibus
994 1650 1072 1705 ambi·

62 1733 156 1807 gebat,
186 1751 240 1808 quo
261 1737 345 1809 magis
366 1734 494 1790 iudicium
521 1734 658 1789 homiuum
680 1728 900 1807 experiuetur4).’
939 1734 988 1790 sed
1008 1751 1074 1790 voce

62 1818 175 1889 optima,
198 1819 315 1891 ingenti,
338 1818 383 1874 ubi
405 1835 448 1874 res
465 1816 581 1880 serebat,
604 1816 715 1880 affectu,
738 1818 827 1873 divino
844 1818 959 1890 quodam
975 1819 1073 1890 spiritu

60 2032 136 2081 multa
159 2034 245 2082 dantis
266 2048 319 2081 cram
343 2034 416 2081 laude
440 2031 684 2144 cateronasslrilecd
706 2029 751 2079 tibi
776 2031 902 2094 Verqiliue
928 2031 1072 2095 Variusque

162 2104 170 2128 ‚
412 2098 418 2112 .
509 2098 515 2110 .

61 2105 155 2229 ροείαἳθ)
175 2099 732 2230 ‘durd‘qddrgiddadlcllbeedjeltsd'tradddr2dl'.
751 2165 881 2227 rediqera
902 2180 952 2214 nou
963 2164 1074 2213 adsurde

63 2248 164 2282 carmen
180 2248 210 2283 ce
235 2231 366 2296 (informe)
384 2248 453 2283 more
469 2247 546 2281 ursae
568 2246 662 2286 parere
680 2232 767 2280 diceas
784 2237 808 2280 et
832 2230 962 2282 lambendo
980 2233 1073 2281 demam

60 2300 201 2362 esfinqere'
220 2300 347 2350 Donatus
365 2315 391 2362 p.
404 2300 436 2348 59
449 2298 481 2348 R.
501 2298 592 2348 ‘amice'
607 2299 798 2363 familiaresque
816 2299 846 2348 P.
864 2298 971 2361 Verqilr'i
987 2300 1014 2346 in
1027 2300 1071 2354 eis,

62 2381 125 2430 quae
144 2368 176 2416 de
199 2368 299 2430 inqendo
317 2367 474 2431 moribusque
492 2367 546 2415 eius
562 2367 695 2415 memoriae
718 2365 892 2423 tradiderunt,
916 2367 1001 2414 dicere
1020 2381 1073 2414 eum

61 2434 161 2480 solitum
177 2433 276 2492 seruat,
295 2448 390 2494 parere
402 2448 429 2481 se
448 2449 535 2482 uersas
551 2447 620 2481 more
638 2439 714 2496 atque
726 2433 777 2481 ritu
789 2429 885 2481 urse'ao.
909 2447 966 2480 uam
982 2437 1009 2480 ut
1026 2433 1071 2480 illa

61 2498 142 2546 bestia
163 2499 242 2556 fetum
265 2499 353 2546 ederet
374 2500 540 2562 e'ueffiqiatum
561 2500 752 2562 informemque,
778 2497 909 2547 lambendo
931 2499 960 2546 id
977 2504 1070 2559 postea

62 2563 130 2625 quod
151 2562 189 2608 ita
206 2563 335 2610 edidisset*
351 2564 523 2624 conformaret
545 2571 570 2612 et
589 2567 711 2626 firmaret,
733 2565 843 2626 proinde
860 2564 955 2623 irtqenie'
971 2577 1069 2627 quoque

61 2629 103 2676 sui
116 2633 208 2689 partas
225 2634 342 2679 recentes
359 2630 419 2676 rudi
435 2644 490 2678 ease
506 2630 575 2690 facie
588 2634 613 2676 et
630 2630 786 2690 inperfecta,
803 2630 851 2676 sed
862 2629 982 2691 deinceps
1000 2635 1070 2678 trac·

63 2696 142 2744 tanda
166 2694 319 2756 colendoque
336 2695 447 2742 reddere
466 2696 503 2743 eis
520 2709 548 2743 ee
565 2699 618 2743 oris
636 2701 661 2743 et
678 2696 758 2743 vultus
774 2690 937 2743 lineamenta'
964 2693 1070 2744 Gellius

61 2759 142 2810 XVII
153 2761 193 2808 1o.
205 2760 356 2822 ‘Vergilium
368 2775 467 2824 quoque
478 2762 643 2824 pauclssimos
652 2762 693 2810 de'e
702 2762 873 2824 composuisse
884 2775 972 2811 cereres
983 2768 1072 2812 auctor

63 2834 101 2877 eet
122 2825 230 2874 Varius’
250 2825 438 2886 Quintilianus
456 2828 481 2875 X
499 2830 527 2888 3,
546 2827 574 2875 8:
594 2827 632 2879 cf.
650 2828 675 2877 X
690 2830 723 2887 Ι1,
742 2829 782 2878 86.

130 2890 151 2952 ²)
171 2892 295 2940 Donatus
314 2908 340 2956 p.
358 2894 403 2954 69,
425 2895 455 2941 12
469 2907 526 2955 sqq.
541 2894 573 2942 R.

129 2957 151 3020 8)
170 2958 273 3007 Donati
284 2975 309 3022 p.
323 2960 354 3007 59
368 2974 407 3022 sq.
421 2961 453 3010 R,
473 2959 558 3009 verba
572 2961 682 3009 suntab
701 2960 817 3025 Hageno
830 2962 866 3011 ad
880 2961 1070 3027 sangallensis

65 3028 179 3075 maxime
203 3023 282 3072 fidem
304 3027 459 3090 recognita,
488 3026 564 3075 cuius
587 3029 679 3075 tamen
703 3042 754 3076 nec
777 3028 960 3078 coniecturam
984 3030 1068 3093 probo

63 3095 185 3156 firmatam
203 3106 253 3140 nec
271 3093 415 3141 verborum
433 3093 511 3142 ‘uidit
528 3093 553 3141 ia
572 3095 684 3142 ordinem
702 3095 846 3157 arripc‘eas’
866 3096 1070 3158 interpretatio·

67 3174 126 3209 nem
148 3173 173 3221 p.
197 3158 247 3207 686
271 3160 432 3222 expositam.
477 3175 589 3222 quorum
616 3158 732 3223 simplex
761 3163 899 3210 sententia
928 3163 996 3211 haec
1019 3166 1070 3222 est,

68 3227 143 3273 extra
160 3240 248 3273 rerum
271 3226 459 3290 persingulas
482 3226 566 3276 libros
588 3227 643 3275 iam
663 3226 831 3289 digestarum
850 3228 971 3278 ordinem
990 3228 1069 3277 modo

67 3289 118 3339 hac
132 3291 209 3370 modo
227 3291 276 3340 illa
294 3297 405 3356 arrepta
424 3294 576 3357 argumenti
600 3293 737 3356 particula
755 3298 865 3358 poetam
883 3309 978 3345 versus
998 3310 1068 3344 com·

70 3369 300 3483 posullss‘edece'taoit
312 3434 337 3475 et
347 3427 463 3489 pluribus
495 3430 542 3477 sed
553 3442 633 3491 neque
643 3428 793 3493 frequenter
806 3436 833 3478 et
844 3444 874 3478 ea
885 3429 958 3491 sere’
972 3442 996 3476 e.
1010 3441 1034 3490 q.
1047 3440 1069 3477 a.

71 3487 189 3540 Donatus
207 3507 233 3556 p.
254 3494 299 3551 62,
318 3497 343 3542 4.
362 3495 395 3543 R.

115 3586 274 3632 BIBBECK‚
292 3591 409 3627 venatu.
846 3603 861 3640 o
