2400 3878
138 236 198 297 814
463 246 604 294 vnnomr
625 244 751 293 anunm
773 244 812 292 xr

137 400 223 462 ambo
244 403 357 470 animis,
380 400 466 460 ambo
488 401 617 478 insignes
639 398 855 477 praestantibus
873 400 962 460 arnus

136 484 183 545 hie
205 485 312 564 pietate
330 487 422 564 prior.
455 492 559 545 coeant
580 485 610 544 in
633 483 752 545 foedere
773 482 904 559 dextrae,

136 585 194 647 qua
214 567 314 636 datur:
337 576 381 629 ast
399 583 490 628 armis
511 577 690 628 concurrant
709 584 791 628 arma
809 564 937 627 cavete.”

137 661 166 712 et
186 668 326 731 responsa
343 651 428 713 simui
451 669 525 730 quae
543 653 609 720 sint,
633 670 685 712 rex
707 652 822 730 optime,
842 650 920 727 regis

136 735 241 796 audisti
259 742 288 796 et
310 754 385 814 quae
407 737 443 796 sit
465 753 570 813 magno
593 736 736 797 sententia
757 733 855 796 beile.'
1106 738 1156 790 295

180 819 232 879 Vix
252 836 286 879 ea
305 818 402 898 iegati,
426 820 580 898 variusque
601 837 655 897 per
675 836 725 878 ora
743 819 874 880 cucurrit

135 901 315 964 Ausonidum
336 903 451 963 turbata
475 903 600 964 iremor:
624 920 677 962 ceu
697 920 766 963 sara
788 909 940 962 morantur

136 1004 204 1047 cum
223 987 342 1064 rapidos
363 989 466 1056 amnis,
484 987 516 1047 dt
537 985 635 1047 clauso
657 987 771 1062 gurgite
790 1002 925 1046 murmur

136 1070 304 1148 vicinaeque
327 1071 457 1131 fremunt
477 1072 558 1147 ripae
580 1068 787 1148 crepitantibus
809 1069 904 1129 undis.

137 1159 169 1214 ut
186 1153 313 1232 primum
336 1153 442 1232 piacau'
464 1155 552 1214 animi
574 1160 602 1214 et
623 1152 737 1230 trepida
755 1169 808 1213 ora
827 1153 972 1231 quierunt,
1098 1165 1151 1219 300

135 1236 284 1315 praefatus
306 1237 387 1296 divos
408 1235 481 1297 solio
502 1255 555 1297 rex
578 1237 641 1297 infit
661 1237 697 1297 ab
721 1235 794 1296 aito:

137 1328 219 1381 ‘ante
236 1320 373 1398 equidem
392 1338 505 1381 summa
527 1321 563 1380 de
585 1338 618 1380 re
640 1321 784 1390 statuisse,
804 1293 910 1387 Huni,

137 1411 166 1464 et
185 1402 287 1464 veliem
309 1412 337 1466 et
351 1405 453 1471 ,iuerat
473 1404 585 1474 meiius,
608 1421 667 1464 non
689 1413 822 1481 tempore
846 1401 896 1463 tali

135 1503 242 1565 cogere
264 1488 427 1557 concilium,
450 1507 516 1550 cum
536 1506 637 1549 muros
658 1487 771 1549 adsidet
792 1486 893 1548 hostis.

136 1570 246 1631 bellum
265 1572 464 1651 inportunum,
487 1575 572 1642 cives,
597 1591 663 1634 cum
685 1579 770 1650 gente
793 1571 915 1632 deorum
1093 1565 1150 1623 ³⁰5

135 1655 308 1735 invictisque
330 1657 399 1717 viris
421 1659 558 1734 gerimus,
582 1674 656 1735 quos
675 1654 754 1715 nulia
778 1655 898 1733 fatigant

135 1738 264 1816 proelia:
285 1757 340 1800 nec
361 1742 429 1799 victi
450 1748 573 1819 possunt
592 1739 732 1800 absistere
754 1738 845 1798 ierro‘.

137 1837 220 1897 spem
240 1823 354 1899 siquam
375 1825 471 1882 ascitis
491 1821 624 1883 Aetolum
646 1822 788 1883 habuistis
810 1823 839 1880 in
858 1822 956 1892 armis,

137 1905 251 1981 ponite:
275 1921 341 1981 spes
361 1904 417 1965 sibi
441 1906 572 1984 quisque.
608 1905 659 1965 sed
678 1905 751 1965 haee
771 1921 857 1981 mam
880 1911 1002 1981 angusta
1023 1901 1153 1976 videtin

136 1995 232 2047 cetera
255 2005 313 2066 qsra
334 2004 434 2047 rerum
456 1989 571 2048 iaceant
590 1986 725 2066 perculsa
747 1989 841 2055 ruina,
1099 1998 1153 2055 310

137 2077 202 2131 ante
224 2069 325 2130 oculos
346 2071 480 2148 interque
502 2089 606 2132 manus
627 2079 696 2131 sunt
717 2072 814 2130 omnia
838 2075 957 2130 vestrae.

135 2170 191 2213 nec
211 2171 388 2232 quemquam
407 2157 525 2215 incuso:
548 2156 735 2233 potuitquae
756 2152 883 2234 plurima
902 2155 993 2217 virtus

136 2254 211 2315 esse,
231 2237 300 2306 iuit;
318 2244 380 2297 toto
402 2246 546 2300 certatum
567 2245 610 2299 est
632 2256 757 2318 corpore
778 2237 872 2314 regni.

135 2337 213 2381 nunc
233 2321 306 2382 adeo
329 2323 460 2400 quaesit
481 2322 587 2384 dubiae
608 2324 752 2384 sententia
773 2322 864 2382 menti
889 2387 893 2396 ⁴

136 2405 288 2483 expediam
311 2413 339 2466 et
360 2407 461 2484 paucis
483 2407 605 2487 (animos
626 2406 771 2486 adhibete)
794 2404 917 2466 docebo.
1098 2403 1152 2461 315

136 2497 180 2549 est
199 2491 311 2550 anticus
333 2507 404 2567 ager
422 2491 519 2553 Tusco
541 2491 613 2552 mihi
633 2492 784 2571 proximus
806 2489 893 2557 amni,

135 2572 240 2651 longus
262 2574 291 2633 in
313 2592 458 2646 occasum,
482 2576 547 2636 flnis
566 2594 656 2656 super
675 2594 769 2654 usque
791 2573 930 2639 Sicanos;

135 2657 266 2718 Aurunci
283 2656 442 2738 Rutulique
461 2669 564 2721 serunt
586 2667 614 2720 et
637 2678 755 2721 vomere
777 2657 867 2719 duros

136 2748 274 2801 exercent
294 2740 384 2802 colles
405 2750 492 2821 atque
513 2744 620 2804 horum
641 2744 802 2821 asperrima
821 2746 953 2819 pascunt.

136 2822 209 2882 haec
229 2825 323 2883 omnis
345 2827 427 2903 regio
448 2834 477 2885 et
499 2827 568 2887 celsi
590 2825 675 2905 plaga
697 2828 783 2903 pinea
802 2823 910 2883 montis
1026 2880 1027 2884 ,
1098 2820 1157 2879 ΒΝ

136 2905 220 2966 cedat
242 2907 384 2967 amicitiae
405 2907 597 2974 Teucrorum,
621 2918 650 2969 et
671 2909 798 2968 foederis
819 2922 927 2984 aequas

135 2988 266 3049 dicamus
288 2987 369 3065 leges
390 2991 543 3069 sociosque
562 2993 593 3051 in
614 3008 704 3068 regna
727 3006 877 3050 vocemus;

136 3072 296 3142 considant,
317 3073 342 3130 si
363 3078 461 3131 tantus
483 3090 575 3143 amor,
596 3081 624 3134 et
643 3073 759 3134 moenia
781 3070 916 3132 condant.

136 3159 180 3219 sin
203 3155 275 3218 alies
293 3155 358 3216 finis
376 3154 521 3234 aliamque
544 3173 699 3237 capessere
719 3164 837 3233 gentem

136 3248 181 3300 est
200 3243 313 3302 animus
335 3248 515 3319 possuntque
536 3240 600 3301 solo
623 3240 767 3301 decedere
789 3249 906 3299 nostro:
1101 3244 1157 3304 825

136 3321 181 3384 bis
204 3325 295 3386 denas
316 3323 387 3386 itale
408 3332 541 3386 texamus
562 3323 671 3385 robore
690 3325 771 3384 navis

136 3423 188 3468 seu
208 3407 302 3485 pluris
323 3406 472 3487 complere
493 3407 590 3469 vdent
612 3408 696 3487 (iacet
718 3407 814 3467 omnis
835 3405 872 3466 ad
893 3403 1002 3466 undam

136 3492 293 3570 materies),
316 3491 371 3571 ipsi
393 3509 608 3572 numenrmque
626 3491 806 3569 modumque
828 3488 935 3550 carinis
