2400 3878
385 200 528 248 vnnemr
551 198 752 247 eucnemon
767 199 821 246 1111
1003 158 1008 167 ”
1066 189 1101 247 71

93 378 162 420 vere
184 376 252 428 suo,
275 357 413 436 ludetque
435 356 507 416 lavis
529 356 634 416 emissa
656 356 800 424 inventus,

93 445 188 502 vicina
210 442 309 503 inritet
331 441 475 502 decedere
497 441 561 517 ripa
584 437 684 508 calori,

94 526 237 603 obviaque
259 526 391 603 hospitiis
412 530 510 584 teneat
532 521 736 583 frondentibus
757 520 855 582 arbos.

94 611 124 668 in
146 609 289 679 medium,
313 627 364 669 seu
387 608 476 668 stabit
496 609 576 667 iners
598 625 651 668 seu
672 605 799 684 proiluet
820 623 915 675 umor,

95 701 274 752 transversas
297 692 399 752 salices
422 698 450 752 et
471 690 592 768 grandia
615 692 717 750 conice
738 707 815 757 saxa,

95 774 233 855 pontibus
254 784 287 836 ut
310 775 421 836 crebris
443 774 557 853 possint
579 774 738 834 consistere
761 781 789 833 et
811 772 871 832 alas

95 860 225 938 pandere
247 859 284 920 ad
306 861 445 920 aestivom
469 857 574 927 solem,
597 859 621 918 si
643 859 719 918 lorte
741 857 882 916 morantis

95 943 236 1021 sparserit
257 950 307 1002 aut
327 960 471 1021 praeceps
492 949 621 1019 neptuno
644 942 811 1002 inmerserit
833 958 931 1001 curus.

95 1026 169 1087 baec
191 1028 302 1087 circum
325 1027 419 1087 casiae
442 1026 550 1086 virides
573 1033 601 1086 et
622 1024 728 1087 olentia
750 1025 808 1086 late

96 1109 225 1188 serpulla
248 1117 276 1170 et
298 1111 424 1189 graviter
446 1110 583 1190 spirantis
605 1110 688 1187 copia
709 1109 861 1188 thymbrae

95 1193 212 1263 ssoreat,
236 1195 443 1272 inriguumque
464 1194 567 1255 bibant
587 1193 706 1254 violaria
728 1194 848 1254 iontem.

96 1278 159 1354 ipsa
182 1284 295 1347 autern,
319 1297 371 1338 seu
394 1278 552 1339 corticibus
574 1277 627 1337 tibi
648 1285 712 1337 suta
736 1280 849 1346 cavatis,

97 1378 150 1420 seu
172 1360 251 1421 lento
273 1362 382 1421 fuerint
404 1361 510 1422 alvaria
532 1363 638 1422 vimine
659 1368 747 1431 texta,

97 1452 236 1520 angustos
257 1443 385 1504 habeant
407 1446 516 1504 aditus:
538 1463 607 1504 nam
628 1445 739 1521 frigore
760 1442 847 1504 mella

97 1528 175 1604 cogit
196 1527 325 1604 hiemps,
350 1528 511 1604 eademque
534 1527 613 1587 calor
635 1525 788 1604 liquefacta
810 1527 939 1586 remittit.

97 1617 222 1688 utraque
245 1611 286 1669 vis
309 1610 413 1688 apibus
434 1611 544 1688 pariter
565 1609 737 1677 metuenda;
766 1627 862 1687 neque
884 1607 950 1669 illae

97 1695 274 1772 nequiquam
296 1695 326 1754 in
348 1695 432 1754 tectis
454 1695 587 1753 certatim
608 1693 702 1753 temn'a
726 1711 794 1753 cera

98 1779 275 1856 spiramenta
296 1776 404 1847 linunt,
427 1778 554 1855 lucoque
576 1783 605 1837 et
625 1776 749 1836 lloribus
771 1793 839 1836 oras

97 1859 227 1938 explent,
252 1860 464 1940 collectumque
486 1861 559 1921 haec
581 1861 643 1938 ipsa
666 1860 702 1920 ad
723 1878 846 1920 munera
869 1857 968 1937 gluten

98 1952 127 2005 et
148 1945 225 2004 visco
249 1951 277 2004 et
298 1945 440 2023 Phrygiae
463 1951 579 2005 servant
599 1945 665 2022 pice
686 1943 792 2004 lentius
814 1944 891 2004 ldae.

96 2045 185 2105 saepe
207 2028 293 2089 etiam
316 2029 441 2099 effossis,
466 2030 490 2089 si
511 2046 580 2088 vera
603 2034 647 2088 est
667 2028 758 2095 lerna,
780 2027 900 2088 latebris

97 2111 152 2172 sub
175 2119 254 2172 terra
276 2112 375 2173 lovere
397 2111 504 2182 larem,
527 2113 702 2189 penitusque
723 2117 858 2189 repertae

97 2193 321 2276 pumicibusque
344 2197 421 2256 cavis
443 2214 605 2274 exesaeque
627 2195 742 2255 arboris
764 2201 858 2254 antro.

97 2286 129 2337 tn
151 2286 249 2338 tamen
272 2287 301 2337 et
322 2278 376 2339 levi
399 2281 506 2340 rimosa
531 2278 635 2339 cubilia
657 2278 726 2338 limo
1077 2285 1110 2338 45

98 2379 197 2438 ungue
219 2361 320 2420 lovens
343 2364 468 2431 circum,
493 2370 521 2423 et
543 2380 625 2423 raras
647 2363 812 2439 superinice
834 2362 963 2422 frondes.

142 2443 227 2514 Quod
249 2452 398 2520 superest,
428 2445 480 2505 ubi
501 2445 615 2522 pulsam
636 2445 764 2506 hiemem
786 2444 837 2505 Sol
858 2462 966 2506 aureus
988 2444 1048 2520 egit
1078 2453 1110 2505 51

99 2527 154 2587 sub
177 2534 272 2585 terras
294 2525 465 2604 caelumque
487 2529 593 2586 aestiva
615 2527 680 2586 luce
702 2527 830 2595 reclusit,

99 2609 167 2670 illae
189 2609 326 2668 continuo
349 2608 439 2669 saltus
460 2607 603 2685 silvasque
624 2616 783 2686 peragrant

99 2709 324 2771 purpureosque
345 2698 459 2753 metunt
481 2691 570 2751 liores
591 2698 620 2750 et
640 2691 760 2752 llumina
781 2690 874 2752 hbaut

100 2794 215 2837 summa
237 2773 325 2836 leves
368 2776 437 2835 hinc
458 2777 557 2835 nescio
580 2794 636 2854 qua
658 2773 812 2836 dulcedine
834 2774 927 2835 laetae
1079 2786 1113 2839 55

100 2860 271 2937 progeniem
293 2858 436 2938 nidosque
458 2860 570 2928 levent,
593 2859 662 2919 hinc
684 2866 746 2920 arte
768 2860 895 2920 recentis
1175 2867 1178 2874 '

101 2943 250 3005 excudunt
271 2959 354 3003 ceras
376 2951 405 3005 et
426 2943 512 3004 mella
534 2945 646 3004 tenacia
668 2944 790 3020 lingunt.

100 3028 148 3087 hic
170 3028 220 3087 ubi
242 3028 299 3086 iam
322 3029 459 3087 emissum
482 3028 576 3087 caveis
598 3028 633 3087 ad
656 3027 752 3088 sidera
775 3027 847 3088 caeli

100 3129 173 3171 nare
194 3128 248 3187 per
269 3117 407 3172 aestatem
429 3110 567 3190 liquidam
589 3112 756 3189 suspexeris
778 3130 881 3190 agmen

102 3194 318 3271 obscuramque
338 3195 416 3255 trahi
438 3201 523 3255 vento
545 3193 693 3254 mirabere
714 3195 832 3263 nubem,
1080 3203 1113 3258 6⁰

103 3275 329 3353 contemplator:
352 3296 443 3356 aquas
464 3276 558 3338 dulcis
580 3286 609 3338 et
630 3276 752 3337 frondea
773 3295 890 3354 semper

104 3365 178 3419 tecta
200 3365 312 3435 petunt.
355 3361 415 3422 huc
435 3368 468 3421 tu
490 3368 586 3422 tussos
608 3379 732 3438 asperge
753 3378 883 3438 sapores,

102 3442 169 3501 trita
193 3442 372 3520 melisphylla
394 3451 423 3505 et
445 3445 594 3505 cerinthae
615 3444 744 3520 ignobile
766 3461 895 3521 gramen,
