<?xml version="1.0" encoding="UTF-8"?>
<!DOCTYPE html PUBLIC "-//W3C//DTD XHTML 1.0 Transitional//EN"
    "http://www.w3.org/TR/xhtml1/DTD/xhtml1-transitional.dtd">
<html xmlns="http://www.w3.org/1999/xhtml" xml:lang="en" lang="en">
 <head>
  <title>
</title>
<meta http-equiv="Content-Type" content="text/html;charset=utf-8" />
  <meta name='ocr-system' content='tesseract 3.04.00' />
  <meta name='ocr-capabilities' content='ocr_page ocr_carea ocr_par ocr_line ocrx_word'/>
</head>
<body>
  <div class='ocr_page' id='page_1' title='image "./operainusumscho00virggoog_0079.png"; bbox 0 0 2400 3878; ppageno 0'>
   <div class='ocr_carea' id='block_1_1' title="bbox 28 1968 36 2035">
    <p class='ocr_par' dir='ltr' id='par_1_1' title="bbox 28 1968 36 2035">
     <span class='ocr_line' id='line_1_1' title="bbox 28 1968 36 2035; baseline 0 0"><span class='ocrx_word' id='word_1_1' title='bbox 28 1968 36 2035; x_wconf 83' lang='lat' dir='ltr'>l</span> 
     </span>
    </p>
   </div>
   <div class='ocr_carea' id='block_1_2' title="bbox 116 685 1046 958">
    <p class='ocr_par' dir='ltr' id='par_1_2' title="bbox 116 685 1046 958">
     <span class='ocr_line' id='line_1_2' title="bbox 305 685 844 765; baseline -0.006 -1"><span class='ocrx_word' id='word_1_2' title='bbox 305 689 346 765; x_wconf 84' lang='lat' dir='ltr'>r.</span> <span class='ocrx_word' id='word_1_3' title='bbox 374 688 590 765; x_wconf 76' lang='lat' dir='ltr'>urucam</span> <span class='ocrx_word' id='word_1_4' title='bbox 617 685 844 764; x_wconf 77' lang='lat' dir='ltr'>nunonis</span> 
     </span>
     <span class='ocr_line' id='line_1_3' title="bbox 116 856 1046 958; baseline -0.004 -2"><span class='ocrx_word' id='word_1_5' title='bbox 116 859 159 956; x_wconf 84' lang='lat' dir='ltr'><strong>G</strong></span> <span class='ocrx_word' id='word_1_6' title='bbox 230 864 270 956; x_wconf 82' lang='lat' dir='ltr'>E</span> <span class='ocrx_word' id='word_1_7' title='bbox 342 862 384 958; x_wconf 90' lang='grc' dir='ltr'>Ο</span> <span class='ocrx_word' id='word_1_8' title='bbox 455 861 502 955; x_wconf 84' lang='lat' dir='ltr'><strong>R</strong></span> <span class='ocrx_word' id='word_1_9' title='bbox 572 860 616 956; x_wconf 85' lang='lat' dir='ltr'><strong>G</strong></span> <span class='ocrx_word' id='word_1_10' title='bbox 684 859 710 953; x_wconf 92' lang='grc' dir='ltr'>Ι</span> <span class='ocrx_word' id='word_1_11' title='bbox 779 856 817 954; x_wconf 82' lang='lat'>0</span> <span class='ocrx_word' id='word_1_12' title='bbox 886 856 930 953; x_wconf 89' lang='lat' dir='ltr'>O</span> <span class='ocrx_word' id='word_1_13' title='bbox 999 856 1046 952; x_wconf 91' lang='lat' dir='ltr'>N</span> 
     </span>
    </p>
   </div>
   <div class='ocr_carea' id='block_1_3' title="bbox 374 1028 775 1092">
    <p class='ocr_par' dir='ltr' id='par_1_3' title="bbox 374 1028 775 1092">
     <span class='ocr_line' id='line_1_4' title="bbox 374 1028 775 1092; baseline -0.002 -2"><span class='ocrx_word' id='word_1_14' title='bbox 374 1030 506 1092; x_wconf 86' lang='lat' dir='ltr'>LIBER</span> <span class='ocrx_word' id='word_1_15' title='bbox 539 1028 775 1091; x_wconf 84' lang='lat' dir='ltr'><strong>SECVNDVS.</strong></span> 
     </span>
    </p>
   </div>
   <div class='ocr_carea' id='block_1_4' title="bbox 37 1331 961 3170">
    <p class='ocr_par' dir='ltr' id='par_1_4' title="bbox 37 1331 961 3170">
     <span class='ocr_line' id='line_1_5' title="bbox 117 1331 823 1400; baseline 0.001 -10"><span class='ocrx_word' id='word_1_16' title='bbox 117 1333 264 1391; x_wconf 83' lang='lat' dir='ltr'>Hactenus</span> <span class='ocrx_word' id='word_1_17' title='bbox 287 1351 424 1394; x_wconf 83' lang='lat' dir='ltr'><strong>arvorum</strong></span> <span class='ocrx_word' id='word_1_18' title='bbox 447 1334 543 1395; x_wconf 88' lang='lat' dir='ltr'>cultus</span> <span class='ocrx_word' id='word_1_19' title='bbox 566 1344 595 1394; x_wconf 87' lang='lat' dir='ltr'>et</span> <span class='ocrx_word' id='word_1_20' title='bbox 616 1334 713 1395; x_wconf 87' lang='lat' dir='ltr'>sidera</span> <span class='ocrx_word' id='word_1_21' title='bbox 735 1331 823 1400; x_wconf 91' lang='lat' dir='ltr'>caeli;</span> 
     </span>
     <span class='ocr_line' id='line_1_6' title="bbox 75 1415 961 1487; baseline -0.006 -11"><span class='ocrx_word' id='word_1_22' title='bbox 75 1433 154 1476; x_wconf 90' lang='lat' dir='ltr'>nune</span> <span class='ocrx_word' id='word_1_23' title='bbox 179 1422 221 1484; x_wconf 87' lang='lat' dir='ltr'>te,</span> <span class='ocrx_word' id='word_1_24' title='bbox 245 1415 374 1486; x_wconf 86' lang='lat' dir='ltr'>Bacche,</span> <span class='ocrx_word' id='word_1_25' title='bbox 398 1435 515 1487; x_wconf 91' lang='lat' dir='ltr'>canam,</span> <span class='ocrx_word' id='word_1_26' title='bbox 540 1435 595 1476; x_wconf 87' lang='lat' dir='ltr'>nec</span> <span class='ocrx_word' id='word_1_27' title='bbox 617 1435 676 1476; x_wconf 82' lang='lat' dir='ltr'>nen</span> <span class='ocrx_word' id='word_1_28' title='bbox 699 1416 842 1476; x_wconf 84' lang='lat' dir='ltr'>silvestria</span> <span class='ocrx_word' id='word_1_29' title='bbox 864 1421 961 1473; x_wconf 85' lang='lat' dir='ltr'>tecum</span> 
     </span>
     <span class='ocr_line' id='line_1_7' title="bbox 76 1498 800 1576; baseline 0.001 -18"><span class='ocrx_word' id='word_1_30' title='bbox 76 1498 200 1576; x_wconf 83' lang='lat' dir='ltr'>virgulta</span> <span class='ocrx_word' id='word_1_31' title='bbox 223 1506 252 1559; x_wconf 91' lang='lat' dir='ltr'>et</span> <span class='ocrx_word' id='word_1_32' title='bbox 274 1498 387 1576; x_wconf 87' lang='lat' dir='ltr'>prolem</span> <span class='ocrx_word' id='word_1_33' title='bbox 409 1500 492 1560; x_wconf 90' lang='lat' dir='ltr'>tarde</span> <span class='ocrx_word' id='word_1_34' title='bbox 515 1502 676 1560; x_wconf 89' lang='lat' dir='ltr'>crescentis</span> <span class='ocrx_word' id='word_1_35' title='bbox 698 1500 800 1559; x_wconf 90' lang='lat' dir='ltr'>olivae.</span> 
     </span>
     <span class='ocr_line' id='line_1_8' title="bbox 74 1581 823 1682; baseline -0.001 -41"><span class='ocrx_word' id='word_1_36' title='bbox 74 1583 148 1657; x_wconf 88' lang='lat' dir='ltr'>buc,</span> <span class='ocrx_word' id='word_1_37' title='bbox 172 1591 256 1661; x_wconf 89' lang='lat' dir='ltr'>pater</span> <span class='ocrx_word' id='word_1_38' title='bbox 279 1600 296 1641; x_wconf 91' lang='grc' dir='ltr'>ο</span> <span class='ocrx_word' id='word_1_39' title='bbox 318 1582 433 1646; x_wconf 79' lang='lat' dir='ltr'>Lenaee</span> <span class='ocrx_word' id='word_1_40' title='bbox 458 1581 523 1661; x_wconf 86' lang='lat' dir='ltr'>(tuis</span> <span class='ocrx_word' id='word_1_41' title='bbox 545 1583 594 1642; x_wconf 90' lang='lat' dir='ltr'>hic</span> <span class='ocrx_word' id='word_1_42' title='bbox 617 1584 714 1682; x_wconf 73' lang='lat' dir='ltr'>omnia</span> <span class='ocrx_word' id='word_1_43' title='bbox 735 1582 823 1662; x_wconf 91' lang='lat' dir='ltr'>plena</span> 
     </span>
     <span class='ocr_line' id='line_1_9' title="bbox 74 1666 935 1746; baseline -0.003 -19"><span class='ocrx_word' id='word_1_44' title='bbox 74 1666 260 1737; x_wconf 77' lang='lat' dir='ltr'>muneribuS,</span> <span class='ocrx_word' id='word_1_45' title='bbox 285 1666 337 1726; x_wconf 91' lang='lat' dir='ltr'>tibi</span> <span class='ocrx_word' id='word_1_46' title='bbox 359 1669 516 1746; x_wconf 88' lang='lat' dir='ltr'>pampineo</span> <span class='ocrx_word' id='word_1_47' title='bbox 538 1667 675 1746; x_wconf 89' lang='lat' dir='ltr'>gravidus</span> <span class='ocrx_word' id='word_1_48' title='bbox 698 1672 839 1728; x_wconf 86' lang='lat' dir='ltr'>autumno</span> <span class='ocrx_word' id='word_1_49' title='bbox 931 1710 935 1724; x_wconf 86' lang='lat'>.</span> 
     </span>
     <span class='ocr_line' id='line_1_10' title="bbox 74 1749 815 1831; baseline -0.001 -22"><span class='ocrx_word' id='word_1_50' title='bbox 74 1749 160 1810; x_wconf 77' lang='lat' dir='ltr'>floret</span> <span class='ocrx_word' id='word_1_51' title='bbox 182 1767 267 1827; x_wconf 87' lang='lat' dir='ltr'>ager,</span> <span class='ocrx_word' id='word_1_52' title='bbox 292 1758 410 1829; x_wconf 86' lang='lat' dir='ltr'>spumat</span> <span class='ocrx_word' id='word_1_53' title='bbox 431 1750 526 1831; x_wconf 90' lang='lat' dir='ltr'>plenis</span> <span class='ocrx_word' id='word_1_54' title='bbox 547 1751 693 1811; x_wconf 87' lang='lat' dir='ltr'>vindemia</span> <span class='ocrx_word' id='word_1_55' title='bbox 715 1749 815 1824; x_wconf 87' lang='lat' dir='ltr'>labris)</span> 
     </span>
     <span class='ocr_line' id='line_1_11' title="bbox 72 1834 858 1914; baseline 0 -21"><span class='ocrx_word' id='word_1_56' title='bbox 72 1834 145 1902; x_wconf 89' lang='lat' dir='ltr'>buc,</span> <span class='ocrx_word' id='word_1_57' title='bbox 168 1842 253 1913; x_wconf 91' lang='lat' dir='ltr'>pater</span> <span class='ocrx_word' id='word_1_58' title='bbox 275 1854 292 1894; x_wconf 93' lang='lat'>0</span> <span class='ocrx_word' id='word_1_59' title='bbox 315 1835 444 1904; x_wconf 89' lang='lat' dir='ltr'>Lenaee,</span> <span class='ocrx_word' id='word_1_60' title='bbox 468 1837 549 1906; x_wconf 86' lang='lat' dir='ltr'>veni,</span> <span class='ocrx_word' id='word_1_61' title='bbox 573 1834 740 1914; x_wconf 88' lang='lat' dir='ltr'>nudataque</span> <span class='ocrx_word' id='word_1_62' title='bbox 762 1841 858 1894; x_wconf 86' lang='lat' dir='ltr'>musto</span> 
     </span>
     <span class='ocr_line' id='line_1_12' title="bbox 37 1918 861 2006; baseline 0.001 -29"><span class='ocrx_word' id='word_1_63' title='bbox 37 1918 173 2006; x_wconf 50' lang='lat' dir='ltr'>Qngue</span> <span class='ocrx_word' id='word_1_64' title='bbox 196 1936 272 1978; x_wconf 83' lang='lat' dir='ltr'>novo</span> <span class='ocrx_word' id='word_1_65' title='bbox 296 1937 412 1981; x_wconf 89' lang='lat' dir='ltr'>mecum</span> <span class='ocrx_word' id='word_1_66' title='bbox 435 1919 565 1998; x_wconf 79' lang='lat' dir='ltr'>dereptis</span> <span class='ocrx_word' id='word_1_67' title='bbox 588 1938 674 1980; x_wconf 89' lang='lat' dir='ltr'>crura</span> <span class='ocrx_word' id='word_1_68' title='bbox 696 1919 861 1980; x_wconf 76' lang='lat' dir='ltr'>cothurnIs.</span> 
     </span>
     <span class='ocr_line' id='line_1_13' title="bbox 74 2000 877 2081; baseline 0.001 -21"><span class='ocrx_word' id='word_1_69' title='bbox 74 2008 164 2080; x_wconf 89' lang='lat' dir='ltr'>tuque</span> <span class='ocrx_word' id='word_1_70' title='bbox 186 2001 255 2063; x_wconf 89' lang='lat' dir='ltr'>ades</span> <span class='ocrx_word' id='word_1_71' title='bbox 278 2004 486 2081; x_wconf 83' lang='lat' dir='ltr'>inceptumque</span> <span class='ocrx_word' id='word_1_72' title='bbox 508 2022 565 2064; x_wconf 93' lang='lat' dir='ltr'>una</span> <span class='ocrx_word' id='word_1_73' title='bbox 588 2003 713 2064; x_wconf 88' lang='lat' dir='ltr'>decurre</span> <span class='ocrx_word' id='word_1_74' title='bbox 735 2000 877 2072; x_wconf 89' lang='lat' dir='ltr'>laborem,</span> 
     </span>
     <span class='ocr_line' id='line_1_14' title="bbox 73 2085 892 2166; baseline 0.001 -22"><span class='ocrx_word' id='word_1_75' title='bbox 73 2104 90 2144; x_wconf 90' lang='grc' dir='ltr'>ο</span> <span class='ocrx_word' id='word_1_76' title='bbox 114 2085 219 2154; x_wconf 89' lang='lat' dir='ltr'>decus,</span> <span class='ocrx_word' id='word_1_77' title='bbox 243 2087 373 2148; x_wconf 84' lang='lat' dir='ltr'>osamae</span> <span class='ocrx_word' id='word_1_78' title='bbox 395 2089 502 2148; x_wconf 87' lang='lat' dir='ltr'>merito</span> <span class='ocrx_word' id='word_1_79' title='bbox 525 2106 594 2166; x_wconf 89' lang='lat' dir='ltr'>pars</span> <span class='ocrx_word' id='word_1_80' title='bbox 615 2089 742 2147; x_wconf 82' lang='lat' dir='ltr'>maxima</span> <span class='ocrx_word' id='word_1_81' title='bbox 763 2092 892 2146; x_wconf 86' lang='lat' dir='ltr'>nostrae.</span> 
     </span>
     <span class='ocr_line' id='line_1_15' title="bbox 73 2169 854 2251; baseline -0.001 -22"><span class='ocrx_word' id='word_1_82' title='bbox 73 2187 133 2230; x_wconf 89' lang='lat' dir='ltr'>non</span> <span class='ocrx_word' id='word_1_83' title='bbox 157 2187 211 2249; x_wconf 90' lang='lat' dir='ltr'>ego</span> <span class='ocrx_word' id='word_1_84' title='bbox 234 2179 338 2232; x_wconf 91' lang='lat' dir='ltr'>cuncta</span> <span class='ocrx_word' id='word_1_85' title='bbox 361 2174 435 2232; x_wconf 88' lang='lat' dir='ltr'>meis</span> <span class='ocrx_word' id='word_1_86' title='bbox 458 2169 596 2251; x_wconf 86' lang='lat' dir='ltr'>amplecti</span> <span class='ocrx_word' id='word_1_87' title='bbox 618 2171 753 2232; x_wconf 84' lang='lat' dir='ltr'>versibus</span> <span class='ocrx_word' id='word_1_88' title='bbox 775 2178 854 2250; x_wconf 87' lang='lat' dir='ltr'>opto,</span> 
     </span>
     <span class='ocr_line' id='line_1_16' title="bbox 71 2254 867 2334; baseline -0.003 -20"><span class='ocrx_word' id='word_1_89' title='bbox 71 2254 239 2322; x_wconf 82' lang='lat' dir='ltr'>Maecenas,</span> <span class='ocrx_word' id='word_1_90' title='bbox 262 2254 425 2334; x_wconf 80' lang='lat' dir='ltr'>pelagoque</span> <span class='ocrx_word' id='word_1_91' title='bbox 446 2254 548 2316; x_wconf 89' lang='lat' dir='ltr'>volans</span> <span class='ocrx_word' id='word_1_92' title='bbox 570 2256 640 2316; x_wconf 91' lang='lat' dir='ltr'>dare</span> <span class='ocrx_word' id='word_1_93' title='bbox 663 2254 726 2316; x_wconf 89' lang='lat' dir='ltr'>vela</span> <span class='ocrx_word' id='word_1_94' title='bbox 747 2255 867 2332; x_wconf 86' lang='lat' dir='ltr'>patenti,</span> 
     </span>
     <span class='ocr_line' id='line_1_17' title="bbox 73 2338 933 2417; baseline -0.001 -20"><span class='ocrx_word' id='word_1_95' title='bbox 73 2356 149 2406; x_wconf 91' lang='lat' dir='ltr'>non,</span> <span class='ocrx_word' id='word_1_96' title='bbox 173 2338 244 2398; x_wconf 91' lang='lat' dir='ltr'>mihi</span> <span class='ocrx_word' id='word_1_97' title='bbox 266 2340 291 2398; x_wconf 92' lang='lat' dir='ltr'>si</span> <span class='ocrx_word' id='word_1_98' title='bbox 312 2338 428 2416; x_wconf 88' lang='lat' dir='ltr'>linguae</span> <span class='ocrx_word' id='word_1_99' title='bbox 451 2347 568 2400; x_wconf 86' lang='lat' dir='ltr'>centurn</span> <span class='ocrx_word' id='word_1_100' title='bbox 592 2342 652 2399; x_wconf 92' lang='lat' dir='ltr'>sint</span> <span class='ocrx_word' id='word_1_101' title='bbox 673 2357 784 2417; x_wconf 86' lang='lat' dir='ltr'>oraque</span> <span class='ocrx_word' id='word_1_102' title='bbox 807 2344 933 2407; x_wconf 90' lang='lat' dir='ltr'>centum,</span> 
     </span>
     <span class='ocr_line' id='line_1_18' title="bbox 75 2421 855 2499; baseline -0.003 -18"><span class='ocrx_word' id='word_1_103' title='bbox 75 2422 172 2481; x_wconf 91' lang='lat' dir='ltr'>lerrea</span> <span class='ocrx_word' id='word_1_104' title='bbox 194 2440 259 2481; x_wconf 83' lang='lat' dir='ltr'>vox.</span> <span class='ocrx_word' id='word_1_105' title='bbox 299 2421 369 2481; x_wconf 89' lang='lat' dir='ltr'>ades</span> <span class='ocrx_word' id='word_1_106' title='bbox 392 2431 422 2482; x_wconf 90' lang='lat' dir='ltr'>et</span> <span class='ocrx_word' id='word_1_107' title='bbox 443 2425 532 2499; x_wconf 89' lang='lat' dir='ltr'>primi</span> <span class='ocrx_word' id='word_1_108' title='bbox 553 2423 619 2499; x_wconf 87' lang='lat' dir='ltr'>lege</span> <span class='ocrx_word' id='word_1_109' title='bbox 641 2422 735 2482; x_wconf 87' lang='lat' dir='ltr'>litoris</span> <span class='ocrx_word' id='word_1_110' title='bbox 759 2438 855 2487; x_wconf 87' lang='lat' dir='ltr'>cram;</span> 
     </span>
     <span class='ocr_line' id='line_1_19' title="bbox 74 2504 844 2566; baseline -0.003 -2"><span class='ocrx_word' id='word_1_111' title='bbox 74 2507 103 2564; x_wconf 94' lang='lat' dir='ltr'>in</span> <span class='ocrx_word' id='word_1_112' title='bbox 126 2504 263 2564; x_wconf 87' lang='lat' dir='ltr'>manibus</span> <span class='ocrx_word' id='word_1_113' title='bbox 285 2511 396 2566; x_wconf 88' lang='lat' dir='ltr'>terrae:</span> <span class='ocrx_word' id='word_1_114' title='bbox 420 2522 480 2564; x_wconf 86' lang='lat' dir='ltr'>non</span> <span class='ocrx_word' id='word_1_115' title='bbox 502 2505 551 2565; x_wconf 91' lang='lat' dir='ltr'>hic</span> <span class='ocrx_word' id='word_1_116' title='bbox 573 2512 601 2564; x_wconf 89' lang='lat' dir='ltr'>te</span> <span class='ocrx_word' id='word_1_117' title='bbox 623 2506 754 2565; x_wconf 87' lang='lat' dir='ltr'>carmine</span> <span class='ocrx_word' id='word_1_118' title='bbox 777 2505 844 2562; x_wconf 84' lang='lat' dir='ltr'>ficto</span> 
     </span>
     <span class='ocr_line' id='line_1_20' title="bbox 74 2585 827 2665; baseline -0.004 -18"><span class='ocrx_word' id='word_1_119' title='bbox 74 2595 163 2663; x_wconf 89' lang='lat' dir='ltr'>atque</span> <span class='ocrx_word' id='word_1_120' title='bbox 184 2605 238 2665; x_wconf 95' lang='lat' dir='ltr'>per</span> <span class='ocrx_word' id='word_1_121' title='bbox 261 2587 400 2665; x_wconf 84' lang='lat' dir='ltr'>ambages</span> <span class='ocrx_word' id='word_1_122' title='bbox 423 2596 451 2647; x_wconf 95' lang='lat' dir='ltr'>et</span> <span class='ocrx_word' id='word_1_123' title='bbox 473 2588 561 2664; x_wconf 86' lang='lat' dir='ltr'>longa</span> <span class='ocrx_word' id='word_1_124' title='bbox 584 2605 688 2647; x_wconf 87' lang='lat' dir='ltr'>exorsa</span> <span class='ocrx_word' id='word_1_125' title='bbox 710 2585 827 2646; x_wconf 88' lang='lat' dir='ltr'>tenebo.</span> 
     </span>
     <span class='ocr_line' id='line_1_21' title="bbox 116 2668 905 2749; baseline 0 -19"><span class='ocrx_word' id='word_1_126' title='bbox 116 2671 264 2749; x_wconf 89' lang='lat' dir='ltr'>Principio</span> <span class='ocrx_word' id='word_1_127' title='bbox 287 2671 444 2748; x_wconf 82' lang='lat' dir='ltr'>arboribus</span> <span class='ocrx_word' id='word_1_128' title='bbox 467 2673 545 2731; x_wconf 89' lang='lat' dir='ltr'>varia</span> <span class='ocrx_word' id='word_1_129' title='bbox 569 2678 612 2730; x_wconf 89' lang='lat' dir='ltr'>est</span> <span class='ocrx_word' id='word_1_130' title='bbox 634 2677 738 2731; x_wconf 87' lang='lat' dir='ltr'>natura</span> <span class='ocrx_word' id='word_1_131' title='bbox 760 2668 905 2730; x_wconf 88' lang='lat' dir='ltr'>creandis.</span> 
     </span>
     <span class='ocr_line' id='line_1_22' title="bbox 74 2753 883 2834; baseline -0.002 -19"><span class='ocrx_word' id='word_1_132' title='bbox 74 2773 201 2834; x_wconf 91' lang='lat' dir='ltr'>namque</span> <span class='ocrx_word' id='word_1_133' title='bbox 224 2754 297 2815; x_wconf 90' lang='lat' dir='ltr'>aliae</span> <span class='ocrx_word' id='word_1_134' title='bbox 320 2753 408 2816; x_wconf 80' lang='lat' dir='ltr'>nrdlis</span> <span class='ocrx_word' id='word_1_135' title='bbox 430 2756 584 2816; x_wconf 91' lang='lat' dir='ltr'>hominum</span> <span class='ocrx_word' id='word_1_136' title='bbox 607 2755 781 2832; x_wconf 87' lang='lat' dir='ltr'>cogentibus</span> <span class='ocrx_word' id='word_1_137' title='bbox 803 2755 883 2830; x_wconf 87' lang='lat' dir='ltr'>ipsae</span> 
     </span>
     <span class='ocr_line' id='line_1_23' title="bbox 73 2837 868 2919; baseline -0.004 -19"><span class='ocrx_word' id='word_1_138' title='bbox 73 2845 179 2919; x_wconf 86' lang='lat' dir='ltr'>sponte</span> <span class='ocrx_word' id='word_1_139' title='bbox 201 2857 253 2900; x_wconf 90' lang='lat' dir='ltr'>sua</span> <span class='ocrx_word' id='word_1_140' title='bbox 275 2841 396 2900; x_wconf 91' lang='lat' dir='ltr'>veniunt</span> <span class='ocrx_word' id='word_1_141' title='bbox 417 2857 595 2918; x_wconf 88' lang='lat' dir='ltr'>camposque</span> <span class='ocrx_word' id='word_1_142' title='bbox 619 2847 647 2900; x_wconf 87' lang='lat' dir='ltr'>et</span> <span class='ocrx_word' id='word_1_143' title='bbox 669 2839 789 2900; x_wconf 89' lang='lat' dir='ltr'>llumina</span> <span class='ocrx_word' id='word_1_144' title='bbox 810 2837 868 2898; x_wconf 91' lang='lat' dir='ltr'>late</span> 
     </span>
     <span class='ocr_line' id='line_1_24' title="bbox 73 2922 897 3001; baseline -0.006 -16"><span class='ocrx_word' id='word_1_145' title='bbox 73 2942 161 2985; x_wconf 86' lang='lat' dir='ltr'>curva</span> <span class='ocrx_word' id='word_1_146' title='bbox 184 2930 299 2991; x_wconf 86' lang='lat' dir='ltr'>tenent,</span> <span class='ocrx_word' id='word_1_147' title='bbox 322 2931 356 2984; x_wconf 89' lang='lat' dir='ltr'>ut</span> <span class='ocrx_word' id='word_1_148' title='bbox 377 2924 465 2984; x_wconf 87' lang='lat' dir='ltr'>molle</span> <span class='ocrx_word' id='word_1_149' title='bbox 486 2924 558 2984; x_wconf 90' lang='lat' dir='ltr'>siler</span> <span class='ocrx_word' id='word_1_150' title='bbox 578 2922 734 3001; x_wconf 87' lang='lat' dir='ltr'>lentaeque</span> <span class='ocrx_word' id='word_1_151' title='bbox 757 2925 897 3000; x_wconf 83' lang='lat' dir='ltr'>genistae,</span> 
     </span>
     <span class='ocr_line' id='line_1_25' title="bbox 72 3006 797 3087; baseline 0.001 -21"><span class='ocrx_word' id='word_1_152' title='bbox 72 3007 199 3087; x_wconf 89' lang='lat' dir='ltr'>populus</span> <span class='ocrx_word' id='word_1_153' title='bbox 222 3015 250 3068; x_wconf 87' lang='lat' dir='ltr'>et</span> <span class='ocrx_word' id='word_1_154' title='bbox 272 3008 373 3084; x_wconf 87' lang='lat' dir='ltr'>glauca</span> <span class='ocrx_word' id='word_1_155' title='bbox 397 3010 531 3069; x_wconf 87' lang='lat' dir='ltr'>canentia</span> <span class='ocrx_word' id='word_1_156' title='bbox 553 3007 659 3068; x_wconf 81' lang='lat' dir='ltr'>fronde</span> <span class='ocrx_word' id='word_1_157' title='bbox 681 3006 797 3074; x_wconf 87' lang='lat' dir='ltr'>salicta;</span> 
     </span>
     <span class='ocr_line' id='line_1_26' title="bbox 72 3089 890 3170; baseline -0.001 -19"><span class='ocrx_word' id='word_1_158' title='bbox 72 3110 141 3170; x_wconf 92' lang='lat' dir='ltr'>pars</span> <span class='ocrx_word' id='word_1_159' title='bbox 165 3099 261 3152; x_wconf 89' lang='lat' dir='ltr'>autem</span> <span class='ocrx_word' id='word_1_160' title='bbox 283 3093 381 3170; x_wconf 89' lang='lat' dir='ltr'>posito</span> <span class='ocrx_word' id='word_1_161' title='bbox 403 3098 529 3169; x_wconf 89' lang='lat' dir='ltr'>surgunt</span> <span class='ocrx_word' id='word_1_162' title='bbox 551 3091 587 3151; x_wconf 91' lang='lat' dir='ltr'>de</span> <span class='ocrx_word' id='word_1_163' title='bbox 609 3093 737 3161; x_wconf 88' lang='lat' dir='ltr'>semine,</span> <span class='ocrx_word' id='word_1_164' title='bbox 760 3099 793 3151; x_wconf 94' lang='lat' dir='ltr'>ut</span> <span class='ocrx_word' id='word_1_165' title='bbox 814 3089 890 3150; x_wconf 87' lang='lat' dir='ltr'>altae</span> 
     </span>
    </p>
   </div>
   <div class='ocr_carea' id='block_1_5' title="bbox 74 3171 948 3420">
    <p class='ocr_par' dir='ltr' id='par_1_5' title="bbox 74 3171 948 3420">
     <span class='ocr_line' id='line_1_27' title="bbox 74 3171 948 3255; baseline -0.005 -20"><span class='ocrx_word' id='word_1_166' title='bbox 74 3183 242 3245; x_wconf 88' lang='lat' dir='ltr'>castaneae,</span> <span class='ocrx_word' id='word_1_167' title='bbox 267 3187 487 3255; x_wconf 61' lang='lat' dir='ltr'>nemorumque*</span> <span class='ocrx_word' id='word_1_168' title='bbox 503 3177 563 3236; x_wconf 89' lang='lat' dir='ltr'>lovi</span> <span class='ocrx_word' id='word_1_169' title='bbox 586 3191 661 3251; x_wconf 88' lang='lat' dir='ltr'>quae</span> <span class='ocrx_word' id='word_1_170' title='bbox 683 3175 809 3234; x_wconf 81' lang='lat' dir='ltr'>maxima</span> <span class='ocrx_word' id='word_1_171' title='bbox 830 3171 948 3233; x_wconf 82' lang='lat' dir='ltr'>frondet</span> 
     </span>
     <span class='ocr_line' id='line_1_28' title="bbox 74 3257 882 3339; baseline 0.001 -22"><span class='ocrx_word' id='word_1_172' title='bbox 74 3258 224 3327; x_wconf 90' lang='lat' dir='ltr'>aesculus,</span> <span class='ocrx_word' id='word_1_173' title='bbox 248 3267 333 3339; x_wconf 89' lang='lat' dir='ltr'>atque</span> <span class='ocrx_word' id='word_1_174' title='bbox 356 3258 473 3321; x_wconf 87' lang='lat' dir='ltr'>habitae</span> <span class='ocrx_word' id='word_1_175' title='bbox 495 3260 580 3320; x_wconf 87' lang='lat' dir='ltr'>Grais</span> <span class='ocrx_word' id='word_1_176' title='bbox 602 3257 720 3318; x_wconf 91' lang='lat' dir='ltr'>oracula</span> <span class='ocrx_word' id='word_1_177' title='bbox 743 3274 882 3335; x_wconf 86' lang='lat' dir='ltr'>quercus.</span> 
     </span>
     <span class='ocr_line' id='line_1_29' title="bbox 74 3339 760 3420; baseline 0 -20"><span class='ocrx_word' id='word_1_178' title='bbox 74 3340 197 3420; x_wconf 92' lang='lat' dir='ltr'>pullulat</span> <span class='ocrx_word' id='word_1_179' title='bbox 218 3341 254 3402; x_wconf 91' lang='lat' dir='ltr'>ab</span> <span class='ocrx_word' id='word_1_180' title='bbox 276 3344 375 3404; x_wconf 82' lang='lat' dir='ltr'>radice</span> <span class='ocrx_word' id='word_1_181' title='bbox 398 3343 461 3404; x_wconf 91' lang='lat' dir='ltr'>aliis</span> <span class='ocrx_word' id='word_1_182' title='bbox 484 3343 658 3405; x_wconf 89' lang='lat' dir='ltr'>densissima</span> <span class='ocrx_word' id='word_1_183' title='bbox 680 3339 760 3408; x_wconf 88' lang='lat' dir='ltr'>silva,</span> 
     </span>
    </p>
   </div>
   <div class='ocr_carea' id='block_1_6' title="bbox 1061 1674 1079 1725">
    <p class='ocr_par' dir='ltr' id='par_1_6' title="bbox 1061 1674 1079 1725">
     <span class='ocr_line' id='line_1_30' title="bbox 1061 1674 1079 1725; baseline 0 0"><span class='ocrx_word' id='word_1_184' title='bbox 1061 1674 1079 1725; x_wconf 80' lang='lat'><strong>5</strong></span> 
     </span>
    </p>
   </div>
   <div class='ocr_carea' id='block_1_7' title="bbox 1047 1924 1082 2225">
    <p class='ocr_par' dir='ltr' id='par_1_7' title="bbox 1047 1924 1082 2225">
     <span class='ocr_line' id='line_1_31' title="bbox 1064 1924 1082 1974; baseline 0 0"><span class='ocrx_word' id='word_1_185' title='bbox 1064 1924 1082 1974; x_wconf 87' lang='grc'>8</span> 
     </span>
     <span class='ocr_line' id='line_1_32' title="bbox 1048 2006 1081 2058; baseline 0 0"><span class='ocrx_word' id='word_1_186' title='bbox 1048 2006 1081 2058; x_wconf 83' lang='grc'>39</span> 
     </span>
     <span class='ocr_line' id='line_1_33' title="bbox 1048 2091 1080 2142; baseline 0.063 -2"><span class='ocrx_word' id='word_1_187' title='bbox 1048 2091 1080 2142; x_wconf 77' lang='lat' dir='ltr'>ed</span> 
     </span>
     <span class='ocr_line' id='line_1_34' title="bbox 1047 2175 1080 2225; baseline 0.03 -1"><span class='ocrx_word' id='word_1_188' title='bbox 1047 2175 1080 2225; x_wconf 75' lang='lat'>42</span> 
     </span>
    </p>
   </div>
   <div class='ocr_carea' id='block_1_8' title="bbox 1047 2342 1081 2395">
    <p class='ocr_par' dir='ltr' id='par_1_8' title="bbox 1047 2342 1081 2395">
     <span class='ocr_line' id='line_1_35' title="bbox 1047 2342 1081 2395; baseline 0.088 -3"><span class='ocrx_word' id='word_1_189' title='bbox 1047 2342 1081 2395; x_wconf 80' lang='lat'>4³</span> 
     </span>
    </p>
   </div>
   <div class='ocr_carea' id='block_1_9' title="bbox 1048 2591 1083 2644">
    <p class='ocr_par' dir='ltr' id='par_1_9' title="bbox 1048 2591 1083 2644">
     <span class='ocr_line' id='line_1_36' title="bbox 1048 2591 1083 2644; baseline 0.086 -3"><span class='ocrx_word' id='word_1_190' title='bbox 1048 2591 1083 2644; x_wconf 75' lang='grc'>48</span> 
     </span>
    </p>
   </div>
   <div class='ocr_carea' id='block_1_10' title="bbox 1048 2676 1082 2810">
    <p class='ocr_par' dir='ltr' id='par_1_10' title="bbox 1048 2676 1082 2810">
     <span class='ocr_line' id='line_1_37' title="bbox 1063 2676 1081 2727; baseline 0 0"><span class='ocrx_word' id='word_1_191' title='bbox 1063 2676 1081 2727; x_wconf 82' lang='grc'>9</span> 
     </span>
     <span class='ocr_line' id='line_1_38' title="bbox 1048 2759 1082 2810; baseline 0 0"><span class='ocrx_word' id='word_1_192' title='bbox 1048 2759 1082 2810; x_wconf 87' lang='grc'>10</span> 
     </span>
    </p>
   </div>
   <div class='ocr_carea' id='block_1_11' title="bbox 0 0 1204 3878">
    <p class='ocr_par' dir='ltr' id='par_1_11' title="bbox 0 0 1204 3878">
     <span class='ocr_line' id='line_1_39' title="bbox 0 0 1204 3878; baseline 0 0"><span class='ocrx_word' id='word_1_193' title='bbox 0 0 1204 3878; x_wconf 95' lang='lat' dir='ltr'> </span> 
     </span>
    </p>
   </div>
  </div>
 </body>
</html>
