2400 3878
138 207 200 271 360
453 222 483 268 r.
507 219 648 268 venerer
670 217 823 268 nunonis

138 376 186 436 hlc
209 383 237 434 et
259 373 392 435 Tantalei
414 377 531 452 generis
554 377 656 445 decus,
681 373 794 454 amplus
815 373 924 441 auida,

138 458 264 527 adsidet,
287 459 424 534 Argivum
447 457 560 528 lumen,
583 477 640 538 quo
663 458 779 518 damma
802 465 922 534 regente
1097 466 1152 519 335

138 543 223 602 Doris
244 542 450 601 Erichthonias
471 544 629 620 prostravit
650 541 781 601 funditus
803 558 896 601 arces

138 625 265 685 reddidit
285 626 343 685 heu
366 627 470 686 Graius
491 644 601 703 poenas
623 625 690 694 tibi,
714 625 817 693 Troia,
840 625 946 693 ruenti,

138 709 378 787 Hellespontiacis
400 708 533 769 obiturus
554 709 681 768 reddidit
703 708 799 767 undis.

136 792 185 852 illa
208 795 285 853 vices
308 793 459 852 bominum
481 800 585 853 testata
601 800 645 852 est
667 793 750 870 copia
772 789 930 870 quendam,

137 894 174 936 ne
196 878 348 956 quisquam
370 877 507 954 propriae
529 876 663 936 fortunae
684 891 806 934 munere
829 874 908 933 dires
1098 885 1151 937 340

136 961 193 1020 iret
214 962 363 1019 inevectus
385 958 498 1019 caelum
521 977 623 1039 super:
648 976 735 1018 omne
757 959 923 1036 propinquo

136 1043 282 1121 frangitur
303 1043 428 1102 invidiae
451 1041 510 1102 telo
533 1044 631 1102 decus.
655 1041 715 1101 ibat
737 1043 768 1100 in
791 1041 881 1100 altum

135 1128 178 1184 vis
200 1127 304 1203 Argiva
326 1134 429 1203 petens
451 1127 576 1204 patriam
600 1126 746 1203 ditataque
768 1123 877 1204 praeda

136 1210 212 1269 arcis
234 1209 456 1277 Erichtbouiae;
481 1227 579 1268 comes
600 1210 669 1269 huic
692 1215 755 1268 erat
776 1225 847 1268 aura
869 1207 996 1267 secunda

136 1312 189 1369 per
210 1292 356 1371 placidum
379 1311 466 1352 cursu
488 1291 622 1370 pelagus;
645 1292 749 1351 Nereis
770 1290 806 1351 ab
828 1290 906 1351 unda
1094 1299 1149 1351 343

135 1379 218 1453 signa
240 1375 343 1445 dabat,
366 1393 434 1455 pars
456 1376 570 1436 inflexis
592 1394 681 1453 super
704 1383 768 1435 acta
791 1375 913 1434 carinis:

137 1478 202 1520 curn
225 1479 277 1521 seu
299 1458 417 1519 caelesti
439 1460 498 1520 late
520 1478 572 1520 seu
594 1460 698 1519 sideris
720 1466 787 1519 ortu

135 1543 264 1622 undique
286 1550 415 1604 mutatur
437 1544 509 1604 caeli
531 1546 622 1613 nitor,
647 1545 744 1602 omnia
767 1541 867 1609 ventis,

136 1629 232 1687 emnia
255 1627 420 1687 turbinibus
442 1637 510 1687 sunt
532 1629 626 1687 annia.
649 1628 706 1686 iam
729 1626 819 1685 maris
841 1623 918 1683 unda

135 1710 281 1769 sideribus
303 1717 396 1770 certat
418 1711 734 1787 consurgere,iamque
757 1725 884 1786 superne
1093 1715 1148 1768 300

135 1794 284 1870 corripere
307 1802 336 1853 et
357 1792 426 1853 solis
449 1803 478 1853 et
499 1794 595 1853 sidera
618 1802 722 1852 cuncta
744 1794 873 1852 minatur

135 1893 168 1934 ac
190 1893 278 1935 ruere
299 1877 330 1935 in
353 1885 446 1936 terras
468 1875 541 1935 caeli
564 1877 672 1953 fragor.
696 1876 745 1934 hic
766 1874 852 1934 medo
876 1873 949 1934 laeta

135 1960 217 2035 copia
240 1976 318 2018 nunc
339 1960 455 2018 miseris
478 1959 677 2019 circumdatur
699 1959 784 2017 anxia
806 1958 872 2015 latis

133 2043 347 2119 inmoriturque
369 2040 584 2119 superductus
607 2048 636 2101 et
657 2058 725 2102 saxa
748 2040 891 2118 Capherei

133 2123 276 2184 Euboicas
298 2132 347 2185 aut
369 2142 422 2201 por
445 2133 543 2185 cautes
564 2128 735 2203 Aegaeaque
758 2123 816 2183 late
1093 2132 1148 2184 333

133 2207 235 2277 litora,
260 2226 325 2268 curn
348 2208 492 2285 Pbrygiae
514 2210 622 2287 passim
646 2227 717 2286 vaga
740 2208 849 2287 praeda
871 2212 1042 2286 peremptae

132 2290 254 2351 fluctuat
275 2293 370 2352 omnis
391 2293 421 2351 in
445 2310 590 2371 aequoreo
613 2292 761 2370 navilraga
776 2297 880 2351 tractu.

132 2375 181 2434 hic
203 2374 252 2435 alii
273 2375 372 2436 sidunt
394 2375 502 2454 pariles
524 2377 638 2437 virtutis
659 2377 773 2436 honore

133 2458 239 2518 heroes
260 2459 423 2539 mediisque
445 2461 493 2520 siti
515 2468 584 2520 sunt
605 2460 723 2520 sedibus
745 2477 855 2528 omnes,

133 2544 227 2602 omnis
255 2542 348 2603 Roma
378 2542 469 2605 decus
498 2545 597 2621 magni
619 2563 691 2623 quus
713 2543 834 2622 suspicit
855 2540 943 2601 orbis.
1091 2546 1146 2598 300

132 2625 180 2685 hic
202 2625 284 2685 Fabii
307 2626 459 2704 Deciique,
484 2627 531 2686 hic
555 2634 599 2686 est
621 2634 650 2686 et
672 2627 789 2687 lloratia
814 2624 914 2687 virtus,

132 2708 179 2767 hic
202 2709 329 2769 etfama
351 2717 433 2769 retus
455 2728 613 2788 numquam
636 2710 777 2768 meritura
800 2704 920 2773 Camilli,

132 2792 249 2853 Curtius
271 2799 300 2852 et
322 2793 426 2852 mediis
449 2812 535 2872 quern
558 2793 704 2872 quondam
726 2790 844 2852 sedibus
865 2786 946 2847 urbis

132 2872 266 2933 devotum
290 2874 376 2936 tellus
399 2878 579 2954 consumpsit
600 2876 723 2953 gurgitis
743 2874 831 2940 undu,

131 2957 242 3017 Mucius
265 2965 293 3016 et
315 2958 445 3036 prudens
467 2960 603 3019 ardorem
626 2976 749 3037 corpore
771 2973 882 3033 passus,
1087 2964 1142 3018 363

132 3039 273 3099 limitibus
296 3043 383 3101 cessit
406 3043 452 3102 cui
474 3043 566 3102 lracta
588 3043 718 3119 potentia
739 3041 818 3115 regis
825 3057 832 3106 ;

132 3123 179 3182 hic
202 3125 306 3184 Curius
329 3125 424 3184 clarae
447 3128 543 3185 socius
565 3125 678 3183 virtutis
701 3132 730 3182 et
751 3121 800 3180 ille

130 3202 288 3271 Caecilius,
313 3202 416 3264 devota
439 3203 520 3265 dedit
543 3207 594 3282 qui
616 3223 742 3285 corpora
764 3206 909 3275 dammae,

131 3289 341 3368 Scipiadaeque
364 3290 466 3360 duces,
490 3308 614 3368 quorum
637 3289 739 3349 devota
762 3289 916 3367 triumphis
1086 3297 1142 3351 370

130 3374 244 3431 moenia
267 3391 318 3431 vae
340 3374 449 3451 rapidis
470 3373 596 3450 Libycae
618 3373 804 3450 Karthaginis
826 3372 956 3433 horrent.

130 3457 193 3514 iure
215 3456 305 3532 igitur
327 3456 399 3516 tales
421 3457 505 3516 sedes
527 3457 643 3533 pietatis
664 3456 806 3522 honerest
1087 3465 1142 3518 300
