2400 3878
426 218 568 267 vunonn
590 219 729 269 honour
750 220 772 266 v
1062 206 1095 270 n

93 399 109 440 e
220 375 287 435 ΜΟ.
310 375 404 435 lnrmo
425 373 512 443 haec,
542 374 572 433 in
593 372 677 432 viridi
698 391 792 451 nuper
815 392 890 452 quae
912 375 1021 435 cortice
1042 374 1099 453 fagi

220 459 348 518 carmina
371 457 511 534 descripsi
532 464 561 516 et
581 455 735 517 modulans
757 456 867 518 alterna
888 458 994 528 notavi,

220 543 363 619 experiar.
407 548 439 603 tu
461 541 566 601 deinde
587 539 686 600 iubeto
707 548 740 601 ut
762 549 854 601 certet
874 541 1021 618 Amyntas.
1068 552 1100 605 15

217 627 288 686 ME.
312 626 402 686 Lenta
424 624 496 684 salix
518 632 658 702 quantum
679 623 797 701 pallenti
819 625 895 685 cedit
917 623 1017 694 olivae,

219 710 350 786 puniceis
371 707 488 768 humilis
510 715 650 786 quantum
671 707 800 769 saliunca
822 709 935 779 rosetis,

219 793 326 853 iudicio
347 798 447 851 nostro
469 798 581 851 tantum
603 791 655 852 tibi
677 792 753 853 cedit
773 792 920 871 Amyntas.

219 876 270 936 sed
286 884 316 937 tu
339 876 439 936 desine
460 876 560 952 plura,
582 893 671 953 puer;
694 877 887 936 successimus
908 882 1002 936 antro.

218 961 286 1019 MO.
316 959 481 1019 Extinctum
496 960 640 1038 nymphae
656 958 768 1021 erudeli
783 960 885 1021 iuuere
900 959 1046 1037 Daphnim
1068 971 1102 1021 20

220 1041 330 1103 flebant
352 1042 413 1121 (vos
436 1043 526 1121 coryli
547 1050 635 1103 testes
657 1050 686 1104 et
706 1043 825 1103 [lumina
847 1042 1002 1123 nymphis),

222 1143 288 1186 oum
311 1127 462 1204 complexa
484 1129 529 1188 sui
551 1145 659 1205 corpus
679 1125 845 1187 miserabile
866 1128 926 1187 nati

220 1217 307 1287 atque
329 1211 399 1271 deos
420 1218 507 1289 atque
529 1219 606 1272 astra
627 1220 712 1271 vocat
733 1210 861 1272 crudelia
883 1216 986 1287 mater.

220 1292 285 1352 Non
306 1292 358 1353 ulli
379 1301 477 1370 pastos
499 1293 555 1354 illis
577 1313 663 1373 egere
686 1295 788 1355 diebus

221 1375 463 1451 frigidaDaphni,
471 1376 560 1436 boves
567 1379 603 1437 ad
610 1378 743 1446 llumina;
756 1376 835 1438 nulla
841 1395 937 1454 neque
945 1393 1060 1436 amnem
1069 1385 1102 1438 25

222 1456 320 1516 libavit
342 1458 522 1535 quadrupes
545 1476 600 1520 nec
622 1462 761 1535 graminis
782 1460 874 1536 attigit
895 1459 1028 1519 herbam.

222 1539 350 1615 Daphni,
373 1546 454 1600 tuum
476 1539 590 1600 Poenos
612 1543 697 1600 etiam
718 1543 893 1616 ingemuisse
914 1541 1015 1601 leones

223 1622 370 1681 interitum
391 1629 563 1698 montesque
585 1623 640 1682 ieri
661 1622 806 1700 silvaeque
827 1621 971 1683 locuntur.

219 1705 347 1782 Daphnis
370 1713 398 1766 et
418 1705 569 1765 Armenias
592 1723 681 1766 curru
703 1705 881 1788 subiungere
901 1707 984 1783 tigris

220 1789 355 1858 instituit,
378 1787 508 1864 Daphnis
529 1789 638 1848 thiasos
659 1789 799 1849 inducere
821 1788 928 1848 Bacchi
1069 1801 1104 1855 30

224 1879 252 1932 et
273 1870 349 1932 loliis
370 1870 463 1931 lentas
484 1872 614 1932 interere
635 1871 771 1932 moDibus
792 1872 899 1932 hastas.

221 1956 284 2015 vitis
304 1961 337 2016 ut
358 1954 513 2015 arboribus
534 1956 634 2016 decori
656 1962 714 2025 est,
736 1962 768 2016 ut
789 1955 894 2017 vitibus
915 1974 998 2026 uvae,
1020 1964 1021 1967 ’

222 2045 253 2098 ut
275 2038 413 2117 gregibus
434 2039 525 2108 tauri,
547 2046 661 2117 segetes
682 2045 715 2099 ut
735 2039 891 2116 pinguibus
913 2040 1005 2099 arvis:

221 2129 252 2183 tu
274 2122 363 2182 decus
385 2140 471 2182 omne
493 2124 558 2183 tuis.
586 2129 740 2201 postquam
762 2129 791 2182 te
813 2123 869 2183 iata
891 2122 1030 2191 tulerunt,

221 2208 283 2283 ipsa
304 2206 389 2266 Pales
411 2223 498 2282 agros
520 2213 606 2284 atque
627 2208 690 2284 ipse
711 2205 829 2284 reliquit
850 2206 962 2283 Apollo.
1070 2217 1101 2271 35

221 2290 347 2350 Grandia
369 2308 457 2368 saepe
479 2291 584 2368 quibus
605 2290 804 2351 mandavimus
825 2289 936 2350 hordea
957 2288 1054 2360 sulcis,

221 2373 319 2434 infelix
341 2373 441 2435 lolium
463 2381 492 2434 et
513 2374 625 2435 steriles
646 2381 807 2435 nascuntur
828 2392 950 2442 avenae;

222 2475 276 2534 pro
299 2457 379 2516 molh
400 2456 491 2526 viola,
513 2475 569 2534 pro
590 2476 738 2535 purpurea
760 2458 891 2518 narcisso

224 2541 348 2599 carduos
371 2547 398 2600 et
420 2541 509 2616 spinis
531 2543 624 2616 surgit
644 2541 775 2616 paliurus
797 2541 897 2599 acutis

223 2623 357 2700 Spargite
378 2622 501 2681 humum
522 2622 605 2692 loliis,
628 2623 756 2682 inducite
777 2621 906 2682 lontibus
926 2621 1056 2692 umbras,
1071 2633 1105 2686 40

222 2714 355 2783 pastores
377 2705 505 2784 (mandat
525 2707 589 2766 deri
610 2705 664 2766 sibi
685 2704 753 2765 talia
774 2704 912 2786 Daphnis)

224 2796 252 2850 et
272 2789 417 2851 tumulum
439 2790 534 2860 facite,
557 2796 585 2850 et
608 2788 718 2850 tumulo
740 2806 829 2866 super
851 2790 947 2850 addite
970 2808 1104 2851 carmen:

224 2874 363 2952 ‘Daphnis
384 2891 439 2951 ego
461 2876 491 2934 in
513 2873 604 2944 silvis,
627 2875 696 2934 hinc
716 2891 810 2951 usque
832 2874 868 2935 ad
890 2875 986 2937 sidera
1008 2881 1103 2946 notus,

223 2957 365 3018 formonsi
386 2960 501 3035 pecoris
523 2966 634 3029 custos,
657 2959 834 3019 formonsior
855 2960 927 3037 ipse.

260 3044 331 3102 ME.
354 3042 424 3103 Tale
445 3049 529 3103 tuum
550 3042 635 3102 nobis
657 3060 791 3113 carmen,
815 3043 910 3104 divine
931 3051 1026 3123 poeta,
1071 3051 1104 3106 45

223 3125 308 3204 quale
329 3144 419 3204 sopor
440 3126 523 3187 sessis
544 3128 573 3186 in
595 3128 741 3203 gramine,
764 3125 848 3204 quale
870 3145 921 3204 per
945 3132 1058 3188 aestum

223 3209 315 3270 dulcis
337 3229 428 3289 aquae
450 3209 571 3270 saliente
592 3212 668 3270 sitim
689 3210 872 3285 restinguere
893 3212 964 3271 rivo.

223 3311 279 3354 neo
300 3293 418 3355 calamis
438 3293 534 3355 solum
556 3295 741 3371 aequiparas,
764 3294 813 3353 sed
829 3312 901 3354 voce
917 3295 1094 3374 magistrum

225 3459 372 3518 Fortunale
392 3479 474 3537 puer,
494 3473 526 3521 tu
544 3481 616 3521 nuno
629 3463 683 3520 eris
702 3462 772 3519 alter
792 3463 825 3519 ab
844 3463 891 3519 illo
1071 3468 1105 3523 49
