2454 3936
151 177 211 238 154
474 186 616 234 000000
632 186 755 234 annuus
773 187 823 233 xvr

149 343 213 403 talis
234 360 266 403 se
288 349 349 403 0010
371 342 462 403 Nocte
485 340 550 402 tulit
570 348 723 419 terrasque
744 341 852 418 petivit.

149 434 304 504 postquam
322 427 398 486 acies
419 425 495 485 videt
516 424 617 485 lliaoes
640 431 727 503 atque
746 424 859 500 agmina
881 424 982 492 Turni,

149 507 272 568 01111010
291 527 397 588 parvae
418 508 543 569 subitam
563 506 694 568 conlecta
716 507 848 584 liguram,

150 610 224 671 quae
246 592 394 668 quondam
416 592 446 652 iu
468 591 560 651 bustis
582 598 631 650 aut
653 589 827 650 culminibus
848 590 969 651 desertis

149 688 235 736 nocte
256 675 361 735 sedens
382 693 481 736 serum
499 677 577 735 canit
597 674 754 751 inportuna
773 690 827 750 per
846 673 974 742 umbras,

149 759 225 818 hano
241 776 324 818 versa
345 760 375 818 in
397 758 501 819 faciem
523 757 615 817 Turni
635 774 666 817 se
686 756 776 835 pestis
797 756 835 816 ob
856 775 908 832 000

148 843 262 920 fertque
285 841 433 920 refertque
456 858 563 901 sonans
589 839 783 919 clupeumque
805 839 957 900 everberat
978 840 1040 902 alis.

149 924 198 984 olli
220 924 353 986 membra
371 942 462 985 novos
480 924 564 985 solvit
583 923 738 983 formidine
755 930 866 1000 torpor,

148 1017 338 1086 arrectaeque
357 1008 482 1069 horrore
504 1025 614 1076 comae,
636 1014 664 1067 01
685 1026 741 1066 vox
763 1006 896 1067 saucibus
918 1007 1018 1068 haesit.

149 1098 176 1151 at
197 1090 300 1168 procul
324 1099 356 1152 01
376 1091 462 1152 Dirae
484 1091 640 1151 stridorem
661 1091 798 1167 adgnovit
819 1099 848 1150 et
864 1090 933 1160 alas,

149 1172 250 1233 infelix
272 1175 362 1235 crinis
383 1174 488 1235 scindit
508 1174 628 1234 Iuturna
649 1173 768 1244 0010100,

148 1256 296 1333 unguibus
317 1275 369 1318 ora
390 1275 475 1328 00000
495 1257 615 1317 foedans
638 1264 667 1316 et
688 1263 807 1334 pectora
828 1258 947 1335 pugnis:

148 1340 234 1419 ‘quid
256 1358 335 1401 nunc
355 1349 385 1402 te
404 1349 464 1412 100,
480 1341 589 1410 Το000,
611 1347 707 1418 potest
725 1357 864 1417 germana
884 1341 1000 1401 1000001

148 1431 197 1485 001
218 1409 289 1503 quid
308 1425 365 1485 iam
387 1425 477 1485 durae
496 1432 615 1503 superat
637 1423 725 1483 mihil
748 1441 804 1500 qua
825 1423 877 1483 tibi
895 1423 991 1484 lucem

148 1516 211 1568 0010
232 1509 352 1568 morer?
374 1509 444 1569 talin
466 1525 585 1586 possum
608 1526 655 1568 me
678 1524 829 1585 opponere
850 1507 1001 1566 monstro?

148 1592 205 1651 iam
226 1591 284 1651 iam
303 1590 403 1669 linquo
425 1593 511 1652 acies.
538 1609 576 1650 00
593 1610 640 1651 me
662 1598 770 1651 terrete
788 1591 948 1658 timentem,

150 1673 293 1735 obscenae
314 1674 464 1735 volucres:
487 1673 599 1734 alarum
620 1673 744 1734 verbera
760 1691 850 1733 nosco

148 1755 321 1834 letalemque
341 1776 455 1827 sonum,
478 1777 534 1818 nec
556 1757 659 1817 lallunt
680 1758 758 1817 iussa
779 1756 906 1835 superba

148 1841 324 1916 magnanimi
351 1841 435 1900 lovis.
472 1839 545 1901 haec
566 1858 620 1917 pro
642 1841 807 1918 virginitate
827 1840 960 1919 reponiti

148 1940 204 2001 quo
228 1924 314 1982 vitam
334 1923 412 1983 dedit
432 1925 599 1984 aeternam?
621 1942 674 1984 our
694 1926 796 1983 mortis
817 1923 979 2001 ademptast

147 2006 297 2065 condicio!
319 2024 437 2084 possem
458 2015 553 2067 tantos
575 2008 660 2067 linire
682 2006 799 2068 dolores
1100 2015 1155 2068 88⁰

148 2106 225 2148 nune
245 2097 325 2148 certe
348 2098 374 2147 et
398 2092 504 2150 misero
524 2090 608 2150 100101
629 2108 727 2150 comes
748 2093 791 2150 ire
810 2108 865 2168 per
881 2089 1015 2151 umbras!

145 2172 359 2253 *[100000010110
384 2172 456 2250 egoi
479 2178 529 2232 001
550 2173 708 2250 quicquam
729 2173 801 2233 mihi
823 2172 908 2235 dulce
929 2189 1064 2235 meonun

146 2261 382 2331 100100100100,
404 2261 475 2322 00111
497 2281 514 2321 0
537 2262 698 2339 0000001ἰο
720 2262 777 2323 ima
800 2263 929 2341 debiscet

146 2350 224 2403 terra
248 2345 318 2403 milvi
339 2347 488 2423 manisque
511 2345 594 2405 deam
617 2344 749 2406 demittet
766 2347 802 2406 ad
823 2337 942 2426 imosi]'

146 2433 258 2486 tantum
282 2429 362 2487 ellata
388 2437 475 2506 caput
496 2429 598 2505 glauco
619 2431 745 2490 contexit
765 2432 872 2502 amictu
1101 2439 1155 2490 881

146 2508 238 2570 multa
261 2526 383 2585 gemens
405 2519 435 2572 01
453 2531 485 2572 00
508 2511 595 2572 110010
618 2512 672 2572 dea
695 2513 825 2573 condidit
847 2513 913 2574 alto.

187 2593 300 2653 Aeneas
320 2595 406 2653 instat
426 2604 527 2656 contra
549 2594 698 2673 telquue
714 2604 850 2657 coruscat

145 2678 249 2754 ingens
268 2677 424 2738 arboreum
447 2687 579 2739 0100000
600 2681 642 2738 010
662 2689 782 2758 pectore
804 2681 896 2740 latur:

146 2770 238 2838 ‘quae
259 2778 338 2819 nunc
357 2760 461 2822 deinde
479 2763 607 2822 morasti
629 2772 678 2823 aut
696 2764 766 2840 quid
781 2764 847 2833 iam,
866 2763 974 2829 Turne,
994 2767 1155 2826 0010001001

144 2849 203 2901 000
227 2859 324 2912 eursu,
347 2846 440 2904 saevis
461 2844 633 2904 certandum
652 2853 695 2905 est
717 2848 880 2906 comminus
901 2850 999 2905 armis,
1100 2855 1155 2906 0911

146 2932 226 2984 00010
249 2927 343 2985 omnis
365 2927 578 2986 1010101001οε
600 2935 629 2986 01
648 2929 788 2988 contrahe
808 2927 946 3006 quidquid

145 3008 205 3067 sive
227 3009 329 3067 animis
350 3009 410 3069 sive
432 3016 494 3068 arte
514 3007 608 3075 vales;
627 3015 693 3086 opta
717 3010 808 3069 ardua
830 3011 925 3087 pinnis

146 3098 223 3150 00100
245 3092 327 3170 sequi
348 3090 514 3172 clausumve
536 3108 605 3150 0000
628 3098 656 3151 10
679 3092 806 3153 condere
828 3095 984 3163 terra.·.·'

146 3172 194 3232 ille
218 3182 305 3251 caput
323 3192 464 3253 quassans
487 3184 561 3233 ‘non
584 3192 632 3235 me
654 3183 702 3235 tua
727 3176 835 3236 fervida
857 3183 969 3238 terrent

146 3255 231 3325 dicta,
253 3257 349 3317 ferox:
370 3258 397 3317 di
419 3277 467 3318 me
488 3267 599 3318 terrent
622 3267 649 3318 01
670 3260 800 3337 luppiter
821 3261 931 3322 bostis.’
1104 3265 1157 3316 895

147 3354 201 3397 nec
223 3340 308 3417 plura
331 3342 432 3401 ellatus
453 3358 553 3401 saxum
575 3342 771 3419 circumspicit
792 3344 903 3421 ingens,

145 3435 252 3496 saxum
273 3425 398 3483 anticum
418 3427 531 3499 ingens,
555 3441 657 3504 campo
680 3426 757 3505 quod
780 3427 855 3486 sorte
876 3428 997 3499 iacebat,
