2400 3878
391 216 535 265 vnaorm
555 215 680 264 rernm
697 217 752 264 1111
1011 200 1072 267 153

60 390 197 435 necnon
218 379 246 434 et
266 371 385 450 Pnrygii
406 370 527 431 comites
548 377 577 431 et
593 369 687 431 laetus
708 369 787 431 Iulus
1030 380 1082 435 titt

60 456 208 517 incedunt.
253 456 317 533 ipse
337 461 404 514 ante
421 452 493 514 alios
511 452 729 533 pulcherrimus
752 455 846 515 omnis

60 541 149 602 inlert
170 557 202 599 se
218 540 330 599 socium
347 537 460 598 deneas
480 544 567 616 atque
590 538 705 615 agmina
726 538 828 614 iungit.

61 622 154 701 qualis
175 621 226 684 uhi
247 622 401 682 hibernam
421 620 539 700 Lyciam
560 620 728 700 Xanthique
747 620 856 682 fluenta

61 708 170 768 deserit
191 724 225 766 ac
244 704 349 766 Delum
370 712 535 765 maternam
556 706 652 765 invisit
673 703 776 782 Apollo

60 792 262 866 instauratque
283 789 405 858 choros,
427 788 567 867 mixtique
589 789 690 848 altaria
713 789 823 849 circum

61 873 220 952 Cretesque
236 873 426 952 Dryopesque
448 871 578 933 fremunt
595 872 723 950 pictique
736 871 903 951 Agathyrsi;

60 958 123 1035 ipse
141 958 217 1034 iugis
239 955 342 1036 Cynthi
366 955 513 1033 graditur,
537 955 676 1034 mollique
695 954 834 1016 lluentem

62 1041 166 1102 fronde
183 1041 291 1119 premit
311 1040 422 1100 crinem
441 1041 555 1118 lingens
576 1046 663 1118 atque
685 1038 804 1116 inplicat
826 1056 915 1108 auro,

61 1123 118 1185 tela
140 1132 245 1184 sonant
265 1125 388 1184 umeris:
409 1124 480 1183 haut
498 1123 546 1184 illo
569 1125 687 1200 segnior
708 1123 769 1183 ibat

61 1212 188 1278 deneas,
214 1215 328 1268 tantum
351 1209 469 1285 egregio
492 1208 580 1269 decus
603 1209 692 1268 enitet
713 1225 774 1268 ore.

61 1300 216 1369 postquam
235 1290 309 1350 altos
330 1297 448 1351 ventum
469 1293 499 1350 in
521 1293 628 1351 montis
651 1297 737 1370 atque
754 1291 830 1350 invia
849 1288 956 1356 lustra,

61 1392 132 1435 ecce
152 1375 232 1434 lerae
252 1374 314 1434 saxi
336 1373 465 1435 deiectae
487 1376 596 1435 vertice
618 1392 724 1452 caprae

62 1457 222 1518 decurrere
240 1457 330 1534 iugis;
348 1454 403 1515 alia
422 1456 458 1517 de
475 1464 559 1533 parte
581 1459 705 1535 patentis

61 1543 262 1601 transmittunt
283 1556 372 1598 cursu
393 1555 512 1615 campos
535 1546 622 1617 atque
643 1540 758 1616 agmina
780 1539 858 1597 cervi

62 1622 264 1704 pulverulenta
285 1622 353 1699 luga
376 1620 539 1697 glomerant
561 1628 733 1700 montesque
755 1619 931 1697 relinquont.

62 1717 92 1768 at
112 1725 187 1785 puer
209 1706 350 1766 Ascanius
371 1705 474 1764 mediis
496 1707 526 1764 in
547 1704 669 1766 vallibus
691 1706 753 1764 acri

62 1791 170 1868 gaudet
191 1807 281 1870 equo,
304 1791 421 1867 iamque
442 1787 497 1847 hos
515 1806 617 1859 cursu,
640 1789 699 1849 iam
720 1788 860 1866 praeterit
878 1785 955 1857 illos,

62 1882 306 1953 spumantemque
326 1872 389 1932 dari
409 1889 518 1950 pecora
534 1873 611 1933 inter
628 1873 732 1932 inertia
751 1873 824 1931 votis

63 1965 144 2036 optat
165 1975 269 2036 aprum
289 1963 339 2017 aut
360 1955 470 2016 fulvom
492 1955 673 2017 descendere
694 1963 794 2016 monte
816 1955 941 2016 leonem.

104 2043 219 2102 Interea
238 2057 344 2118 magno
366 2040 484 2100 misceri
504 2058 657 2101 murmure
679 2038 793 2100 caelum

62 2125 177 2203 incipit,
200 2125 365 2203 insequitur
385 2125 541 2184 commixta
564 2123 707 2200 grandine
726 2123 856 2184 nimbus:

63 2217 93 2270 et
110 2209 190 2287 Tyrii
211 2209 331 2268 comites
353 2208 461 2284 passim
484 2215 513 2268 et
531 2206 658 2267 Troiana
679 2208 813 2268 iuventus

63 2291 283 2369 Dardaniusque
303 2307 396 2368 nepos
416 2291 537 2351 Veneris
556 2289 669 2352 diversa
691 2308 745 2369 per
766 2308 854 2368 agros

64 2381 139 2435 tecta
161 2380 241 2434 metu
260 2374 387 2450 petiere;
409 2383 501 2434 ruunt
522 2374 559 2434 de
581 2373 730 2434 montibus
755 2391 864 2434 amnes.

64 2456 234 2535 speluncam
253 2455 327 2516 Dido
349 2456 408 2515 dux
431 2464 460 2516 et
481 2457 626 2517 Troianus
648 2456 772 2517 eandem

65 2541 235 2607 deveniunt,
258 2539 351 2615 prima
374 2544 404 2596 et
422 2536 521 2597 Tellus
545 2547 574 2598 et
592 2537 728 2615 pronuba
751 2538 822 2598 luno

65 2624 136 2684 dant
156 2623 286 2699 signum:
309 2620 419 2680 fulsere
440 2621 522 2698 ignes
544 2627 573 2679 et
595 2621 729 2680 conscius
751 2620 852 2680 aether

65 2704 210 2776 conubiis,
233 2720 406 2780 summoque
432 2702 582 2763 ulularunt
602 2704 711 2764 vertice
733 2703 886 2782 nymphae.

64 2789 113 2850 ille
134 2789 196 2850 dies
216 2788 330 2866 primus
349 2786 399 2847 leti
417 2787 588 2866 primusque
611 2785 755 2847 malorum

65 2889 151 2934 causa
171 2872 233 2934 fuit.
263 2889 358 2951 neque
381 2871 458 2931 enim
477 2871 575 2948 specie
593 2870 705 2931 famave
726 2876 859 2930 movetur
1035 2879 1085 2934 170

63 2975 119 3018 uec
134 2958 198 3017 ‘iam
217 2956 354 3017 furtivom
374 2954 448 3015 Dido
469 2955 625 3016 meditatur
647 2971 793 3015 amorem:

65 3042 232 3119 coniugium
251 3045 349 3108 vocat,
373 3037 430 3099 hoc
448 3039 592 3116 praetexit
613 3040 733 3099 nomine
755 3036 881 3116 culpam.

106 3122 259 3201 Extemplo
280 3121 389 3202 Libyae
407 3139 528 3200 magnas
549 3123 571 3182 it
593 3124 683 3182 Fama
703 3138 757 3200 per
778 3120 882 3190 urbes,

65 3206 169 3277 Fama,
191 3205 300 3267 malum
322 3223 379 3282 qua
400 3223 461 3265 non
482 3205 559 3266 aliud
581 3205 709 3267 velocius
732 3203 841 3265 ullum:

64 3289 224 3351 mobilitate
245 3290 336 3367 viget,
359 3290 495 3368 viresque
514 3290 642 3368 adquirit
664 3288 774 3356 eundo,

65 3390 153 3452 parva
175 3382 256 3434 metu
276 3373 387 3449 primo,
409 3389 479 3432 mox
499 3390 564 3434 sese
583 3370 686 3433 attollit
707 3371 737 3430 in
759 3386 845 3431 auras

65 3456 287 3536 ingrediturque
308 3453 370 3515 solo
393 3463 423 3516 et
444 3464 531 3534 caput
553 3457 629 3517 inter
650 3453 749 3516 nubila
771 3453 879 3514 condit.
