2400 3878
99 219 185 298 xvim
426 221 475 268 ou
497 222 580 270 vrrs
601 224 645 271 nr
669 224 800 272 snrrrrs

180 381 257 438 Anno
279 381 338 438 713
360 382 424 438 dum
448 384 476 438 in
498 381 580 438 Gallia
607 382 783 456 transpadana
803 395 986 443 commoratur
1014 395 1106 461 poeta,

96 473 284 522 veteranorum
298 467 326 521 in
342 466 461 523 colonias
476 483 492 522 a
507 467 652 522 triumviris
667 465 819 540 adsignatos
834 469 1005 541 inruptiones
1020 471 1107 528 iactae

95 557 169 606 sunt.
200 566 316 624 cumque
332 552 471 624 sexaginta
490 549 643 606 hominibus
659 549 879 609 Cremonensium
900 553 1008 626 praedia
1029 552 1108 610 suifi-

95 649 157 690 ccrc
177 650 232 690 nou
255 634 423 697 viderentur,
449 633 584 690 Octauius
598 633 698 704 Musa,
720 633 850 691 limitator
871 635 1012 691 aCaesare
1029 635 1108 692 Octa-

95 717 172 774 viano
188 718 274 780 datus,
290 716 357 773 fines
369 733 463 773 eorum
478 725 664 789 transgressus
680 719 738 790 agri
754 717 888 775 Mantuani
901 720 979 774 vicini
991 721 1107 774 miserae
1150 728 1196 775 A

96 799 242 858 Cremonae
262 799 307 873 (cf.
325 800 375 857 ecl.
392 800 424 856 lx
439 800 478 857 27
495 817 536 872 sq.
558 800 640 873 gell
661 800 721 858 198
737 800 791 874 sq.)
820 801 864 857 XV
884 803 957 858 milia
977 812 1106 876 passuum

95 883 258 957 adsumpsit:
280 900 334 956 quo
355 884 455 939 sactum
470 893 512 939 est
532 891 563 939 ut
578 883 688 958 Vergilii
710 899 819 958 quoque
840 892 917 960 pater
937 902 997 942 cum
1017 887 1106 942 suisa

95 969 255 1023 centurione
270 970 357 1024 Arrio
373 983 406 1023 ex
425 966 504 1023 bonis
521 961 742 1040 expelleretur¹).
774 967 885 1026 fuerunt
907 977 964 1026 tum
979 971 1006 1025 iu
1023 969 1104 1024 Gallia

95 1213 202 1264 conicio
220 1212 421 1264 restituendum
440 1228 514 1264 asse:
534 1230 558 1267 v.
579 1216 611 1265 ’17
630 1215 687 1278 (‘tn
706 1216 783 1265 canis
800 1216 942 1280 Ascraei’)
960 1243 994 1254 —
1011 1218 1053 1267 80.
1071 1219 1101 1267 CI

95 1278 153 1344 (‘tu
172 1281 249 1331 canis
265 1280 412 1342 umbrosi’)
424 1283 508 1334 -76,
521 1283 552 1332 81
567 1296 626 1346 sqq.
645 1282 679 1332 dc
698 1297 751 1347 quo
770 1281 888 1333 disserui
905 1284 934 1334 in
953 1283 1103 1334 scholarum

93 1348 287 1399 universitatis
308 1346 478 1397 Kiloniensis
496 1353 605 1399 aestate
624 1349 775 1401 arnimar
797 1350 986 1403 habendarum
1002 1350 1101 1415 indice,

94 1415 141 1480 qni
158 1415 202 1464 his
218 1414 287 1478 ipsis
308 1413 407 1464 diebus
424 1414 522 1467 editur.

162 1480 185 1544 ¹)
205 1481 315 1532 ‘Italiae
334 1497 395 1546 erpo
414 1484 556 1533 ciuitatibus
578 1485 694 1535 diversas
716 1492 805 1548 partes
822 1485 984 1550 sequentibus
1002 1485 1103 1536 Cremo-

95 1564 184 1599 nenses
206 1555 233 1599 et
249 1550 387 1600 Mantuani
407 1553 492 1600 neutri
512 1557 571 1600 sunt
592 1552 725 1604 auxiliati:
747 1554 795 1602 sed
817 1553 865 1602 doc
887 1553 1018 1616 Aupustus
1040 1554 1102 1601 indi·

91 1622 185 1680 pnaius
202 1619 342 1676 celmanis,
362 1633 464 1682 quorum
476 1620 618 1681 operamin
630 1619 842 1681 dedicandum,
862 1635 939 1685 apros
953 1618 1098 1669 Cremonen·

92 1685 154 1734 adura
172 1684 252 1734 dividi
272 1685 345 1734 iussit
368 1692 393 1732 et
414 1685 438 1734 si
459 1700 509 1734 non
526 1686 686 1749 suffecissent
707 1687 865 1737 Mantuanos
886 1688 998 1751 adiunpi.
1038 1686 1104 1735 unde

92 1751 187 1812 sactum
204 1757 232 1800 ut
253 1751 381 1814 Verpidius
399 1766 496 1815 quiaque
514 1766 591 1816 apros
609 1754 736 1802 amitteret
753 1769 815 1818 quos
832 1755 969 1816 serapinta
990 1754 1106 1803 veterani

93 1819 254 1882 acciperent’
273 1817 379 1868 Probus
397 1833 422 1881 p.
441 1821 466 1868 5.
485 1819 519 1866 K.
548 1823 655 1868 ‘exorto
678 1821 745 1869 civili
767 1820 830 1869 bello
851 1820 1030 1870 Cremonenses
1051 1835 1104 1870 cum

93 1888 186 1935 ceteris
204 1887 312 1935 eiusdem
330 1887 409 1935 studii
425 1887 590 1936 aduersarios
603 1887 713 1949 Aupmu·
725 1887 845 1936 Caesaris
863 1887 1021 1936 adiuverunt.
1038 1888 1104 1935 unde

90 1952 236 2015 factumest
253 1960 291 2014 ut,
311 1969 364 2002 caan
381 1954 462 2002 victor
473 1953 600 2017 Aupastus
617 1954 643 2002 in
662 1969 748 2004 eorum
766 1968 842 2018 apros
859 1960 994 2004 ueteranos
1013 1953 1103 2002 deduce

92 2021 219 2079 iussisset,
242 2036 291 2070 non
313 2020 455 2082 sufficiente
478 2035 541 2084 apro
565 2020 765 2071 Cremonensium
787 2021 925 2070 Mantuani
946 2035 1055 2084 quoque,
1078 2021 1104 2068 in

94 2088 180 2151 quibus
198 2094 255 2138 mut
277 2090 352 2138 etiam
370 2095 450 2150 poeta
472 2087 607 2151 Virgilius,
630 2089 763 2138 mavimam
783 2093 884 2150 partem
902 2089 988 2146 finium
1004 2102 1104 2137 suarum

91 2157 248 2220 perderent’
269 2154 321 2216 (sic
338 2155 488 2218 Hagenus:
505 2152 631 2217 perdide?
643 2154 727 2218 Sang.
738 2156 913 2218 perdidissent
929 2154 1011 2204 Bern.
1029 2151 1104 2215 Par.)

94 2228 139 2273 ‘eo
167 2224 236 2287 quod
260 2223 337 2271 uicini
358 2221 564 2271 Cremonensibus
590 2222 717 2285 suerunt?
745 2223 870 2272 Donatus
896 2221 986 2286 praef.
1013 2220 1103 2271 bucol.

92 2290 167 2351 §aa
186 2289 221 2340 cf.
237 2289 348 2339 Servius
366 2288 396 2337 in
408 2289 506 2352 vitup.
521 2292 534 2338 l
552 2293 581 2338 et
599 2289 628 2338 in
646 2289 733 2354 praef.
752 2288 841 2339 bucol.
862 2303 888 2352 p.
902 2290 934 2338 96
946 2289 979 2337 L.
998 2287 1104 2337 Phocus

92 2371 120 2406 v.
138 2357 256 2407 67-81.
275 2357 337 2405 ‘alii
357 2357 463 2405 medium
481 2357 567 2404 eiioum
585 2357 712 2420 accipiunt
732 2391 780 2409 ...
800 2371 878 2420 usque
896 2357 932 2405 ud
953 2370 1005 2405 eum
1024 2362 1104 2404 autem

93 2427 171 2474 locum
191 2424 318 2487 perticam
339 2424 471 2472 militarem
495 2422 612 2472 Octauius
632 2423 710 2473 Musa
728 2429 902 2488 porrexerat,
929 2424 1051 2472 limitatur
1072 2422 1104 2471 ab

93 2491 209 2555 Aepusto
232 2492 318 2547 datus,
342 2491 359 2539 i.
384 2505 406 2540 e.
427 2505 477 2552 per
494 2489 552 2538 XV
570 2491 639 2540 milia
659 2505 780 2554 passuum
801 2491 859 2554 apri
880 2489 1028 2548 Mantuani,
1052 2505 1105 2537 oum

94 2559 269 2609 Cremonensis
286 2573 335 2608 non
358 2557 500 2620 sufficeret,
520 2557 632 2622 offensam
649 2573 665 2606 a
683 2558 832 2607 Mantuanis
850 2558 918 2621 quod
938 2572 1034 2618 pecora
1052 2558 1105 2605 eius

93 2628 118 2676 in
136 2642 199 2691 apro
219 2625 319 2689 publico
338 2626 476 2690 aliquando
494 2622 656 2675 clausisseni'
680 2625 793 2675 Servius
811 2623 847 2673 ad
865 2623 916 2674 ecl.
932 2622 972 2672 IX
992 2625 1016 2675 7.
1051 2623 1105 2671 huc

94 2693 204 2743 videtur
228 2698 356 2756 spectare
381 2690 453 2755 quod
477 2691 512 2740 ad
530 2707 556 2744 v.
576 2692 608 2741 28
630 2697 658 2741 et
678 2692 707 2740 in
730 2692 788 2740 viia
812 2695 840 2741 ct
862 2692 891 2740 in
910 2689 996 2755 praef.
1015 2690 1104 2741 bucol.

93 2759 123 2808 ll.
142 2759 170 2809 ll.
188 2759 262 2823 apud
286 2759 411 2807 Servium
434 2756 592 2808 adfirmatur
612 2763 676 2808 ‘aton
696 2766 807 2822 propter
828 2759 915 2808 ciuium
931 2760 1040 2820 culpam,
1059 2758 1107 2805 sed

91 2834 201 2889 propter
210 2826 370 2876 cicinitutcm'
385 2824 544 2873 Mantuanis
557 2840 637 2889 agros
650 2825 775 2875 ademtos
788 2839 861 2874 osse:
875 2824 983 2873 Phocas
997 2837 1105 2887 quoque

93 2909 118 2943 v.
133 2894 165 2942 80
184 2893 304 2942 ‘Mantua
321 2898 348 2941 tu
360 2893 493 2940 coniuncta
512 2893 567 2942 loco
583 2894 682 2943 sociata
700 2894 818 2956 periclis,
837 2892 894 2941 Non
913 2891 1037 2941 tamenab
1055 2905 1105 2938 me-

92 2961 180 3009 ritum:
198 2961 313 3008 miseram
329 2959 422 3008 uicinia
437 2957 523 3020 fecit!
554 2959 594 3008 sic
612 2960 684 3009 enim
702 2958 921 3022 interpungenda
934 2961 1005 3007 sunt.
1036 2956 1105 3006 illud

94 3026 166 3090 qnod
190 3025 302 3076 Servius
328 3025 425 3088 tetigit
449 3024 600 3089 copiosius,
629 3027 677 3076 sed
700 3042 795 3090 parum
817 3024 957 3074 luculento
979 3028 1107 3072 narratur

93 3099 206 3143 auctore
223 3092 337 3155 Iunilio‚
360 3092 385 3142 h.
408 3107 430 3144 c.
450 3092 530 3142 Innio
548 3092 723 3156 Philargyrio
742 3094 770 3142 in
789 3091 902 3142 scholiis
920 3091 1106 3140 Bernensibus

94 3160 128 3210 ad
150 3158 199 3209 ecl.
222 3160 289 3209 VIII
312 3161 341 3209 6:
365 3159 453 3208 ‘duic’
477 3159 584 3220 (Asinio
607 3159 736 3222 Pollioni)
760 3165 835 3223 ‘post
856 3161 944 3209 uictum
969 3159 1105 3207 Antonium

92 3229 165 3292 apud
195 3227 326 3277 Pemcsiam
358 3241 491 3277 successor
518 3228 593 3276 dotus
624 3235 662 3277 est
699 3228 798 3290 disenus
829 3229 926 3284 Varus,
956 3227 998 3290 qui
1024 3227 1106 3274 iratus

93 3295 242 3345 Mantuanis
264 3309 341 3359 apros
364 3309 449 3344 eorum
469 3295 542 3356 parti
563 3294 764 3345 Cremonensium
790 3295 881 3343 iunxit.
922 3308 1000 3342 causa
1021 3299 1105 3341 autem

94 3363 245 3411 iracundiae
262 3362 326 3411 daec
342 3362 401 3424 fuit.
433 3359 550 3410 Octauius
562 3361 640 3411 Musa
652 3365 726 3418 enim,
746 3364 806 3410 ciuis
819 3361 975 3409 Mantuanus
993 3361 1107 3423 idemque

93 3431 265 3494 anapistratus
283 3444 337 3478 eum
356 3428 472 3478 tributum
488 3427 521 3477 ab
538 3429 654 3491 Aupusto
670 3431 763 3492 suisset
781 3430 912 3485 indictum,
929 3441 1025 3490 pecora
1040 3426 1108 3475 Vari

91 3503 171 3560 rapto
192 3498 294 3561 pipnori
316 3497 410 3546 tamdiu
433 3496 458 3544 in
479 3495 540 3557 foro
563 3499 650 3546 clausa
673 3498 751 3546 tenuit
775 3494 843 3560 (nam
865 3495 951 3544 Varus
969 3507 1105 3558 possessor
