<?xml version="1.0" encoding="UTF-8"?>
<!DOCTYPE html PUBLIC "-//W3C//DTD XHTML 1.0 Transitional//EN"
    "http://www.w3.org/TR/xhtml1/DTD/xhtml1-transitional.dtd">
<html xmlns="http://www.w3.org/1999/xhtml" xml:lang="en" lang="en">
 <head>
  <title>
</title>
<meta http-equiv="Content-Type" content="text/html;charset=utf-8" />
  <meta name='ocr-system' content='tesseract 3.04.00' />
  <meta name='ocr-capabilities' content='ocr_page ocr_carea ocr_par ocr_line ocrx_word'/>
</head>
<body>
  <div class='ocr_page' id='page_1' title='image "./operainusumscho00virggoog_0282.png"; bbox 0 0 2400 3878; ppageno 0'>
   <div class='ocr_carea' id='block_1_1' title="bbox 158 193 853 257">
    <p class='ocr_par' dir='ltr' id='par_1_1' title="bbox 158 193 853 257">
     <span class='ocr_line' id='line_1_1' title="bbox 158 193 853 257; baseline -0.012 -2"><span class='ocrx_word' id='word_1_1' title='bbox 158 193 219 257; x_wconf 80' lang='lat'>242</span> <span class='ocrx_word' id='word_1_2' title='bbox 475 200 619 250; x_wconf 78' lang='grc'><strong>1111111</strong></span> <span class='ocrx_word' id='word_1_3' title='bbox 641 199 766 249; x_wconf 80' lang='lat' dir='ltr'>annms</span> <span class='ocrx_word' id='word_1_4' title='bbox 789 201 853 248; x_wconf 88' lang='lat' dir='ltr'>v111</span> 
     </span>
    </p>
   </div>
   <div class='ocr_carea' id='block_1_2' title="bbox 147 354 1177 3543">
    <p class='ocr_par' dir='ltr' id='par_1_2' title="bbox 147 354 1177 3543">
     <span class='ocr_line' id='line_1_2' title="bbox 157 354 1177 439; baseline -0.003 -17"><span class='ocrx_word' id='word_1_5' title='bbox 157 361 290 439; x_wconf 88' lang='lat' dir='ltr'>aequavit</span> <span class='ocrx_word' id='word_1_6' title='bbox 308 363 383 436; x_wconf 83' lang='lat' dir='ltr'>(tum</span> <span class='ocrx_word' id='word_1_7' title='bbox 405 376 455 419; x_wconf 90' lang='lat' dir='ltr'>res</span> <span class='ocrx_word' id='word_1_8' title='bbox 473 359 576 436; x_wconf 85' lang='lat' dir='ltr'>inopes</span> <span class='ocrx_word' id='word_1_9' title='bbox 594 354 750 417; x_wconf 78' lang='lat' dir='ltr'>Euandrus</span> <span class='ocrx_word' id='word_1_10' title='bbox 770 354 920 434; x_wconf 78' lang='lat' dir='ltr'>habebatl:</span> <span class='ocrx_word' id='word_1_11' title='bbox 1124 363 1177 419; x_wconf 87' lang='grc'>100</span> 
     </span>
     <span class='ocr_line' id='line_1_3' title="bbox 157 439 919 521; baseline -0.007 -16"><span class='ocrx_word' id='word_1_12' title='bbox 157 446 238 507; x_wconf 87' lang='lat' dir='ltr'>ocius</span> <span class='ocrx_word' id='word_1_13' title='bbox 260 443 414 505; x_wconf 88' lang='lat' dir='ltr'>advertunt</span> <span class='ocrx_word' id='word_1_14' title='bbox 435 458 541 521; x_wconf 91' lang='lat' dir='ltr'>proras</span> <span class='ocrx_word' id='word_1_15' title='bbox 563 439 688 517; x_wconf 90' lang='lat' dir='ltr'>urbique</span> <span class='ocrx_word' id='word_1_16' title='bbox 710 441 919 520; x_wconf 89' lang='lat' dir='ltr'>propinquant.</span> 
     </span>
     <span class='ocr_line' id='line_1_4' title="bbox 198 524 968 588; baseline -0.004 0"><span class='ocrx_word' id='word_1_17' title='bbox 198 527 287 588; x_wconf 86' lang='lat' dir='ltr'>Forte</span> <span class='ocrx_word' id='word_1_18' title='bbox 307 527 355 587; x_wconf 91' lang='lat' dir='ltr'>die</span> <span class='ocrx_word' id='word_1_19' title='bbox 375 525 545 587; x_wconf 82' lang='lat' dir='ltr'><strong>sollemnem</strong></span> <span class='ocrx_word' id='word_1_20' title='bbox 567 524 616 585; x_wconf 92' lang='lat' dir='ltr'>illo</span> <span class='ocrx_word' id='word_1_21' title='bbox 639 542 691 584; x_wconf 82' lang='lat' dir='ltr'>rex</span> <span class='ocrx_word' id='word_1_22' title='bbox 712 525 804 585; x_wconf 80' lang='lat' dir='ltr'>hrcas</span> <span class='ocrx_word' id='word_1_23' title='bbox 825 524 968 586; x_wconf 88' lang='lat' dir='ltr'>honorem</span> 
     </span>
     <span class='ocr_line' id='line_1_5' title="bbox 156 607 844 690; baseline -0.006 -18"><span class='ocrx_word' id='word_1_24' title='bbox 156 610 430 690; x_wconf 74' lang='lat' dir='ltr'>Amphitryoniadae</span> <span class='ocrx_word' id='word_1_25' title='bbox 451 626 558 687; x_wconf 93' lang='lat' dir='ltr'>magno</span> <span class='ocrx_word' id='word_1_26' title='bbox 579 608 708 686; x_wconf 87' lang='lat' dir='ltr'>dirisque</span> <span class='ocrx_word' id='word_1_27' title='bbox 729 607 844 668; x_wconf 92' lang='lat' dir='ltr'>ferebat</span> 
     </span>
     <span class='ocr_line' id='line_1_6' title="bbox 158 690 909 761; baseline -0.004 -6"><span class='ocrx_word' id='word_1_28' title='bbox 158 702 225 756; x_wconf 87' lang='lat' dir='ltr'>ante</span> <span class='ocrx_word' id='word_1_29' title='bbox 247 694 352 755; x_wconf 90' lang='lat' dir='ltr'>urbem</span> <span class='ocrx_word' id='word_1_30' title='bbox 373 695 403 754; x_wconf 91' lang='lat' dir='ltr'>in</span> <span class='ocrx_word' id='word_1_31' title='bbox 425 693 501 755; x_wconf 87' lang='lat' dir='ltr'>luco.</span> <span class='ocrx_word' id='word_1_32' title='bbox 537 691 632 754; x_wconf 92' lang='lat' dir='ltr'>Pallas</span> <span class='ocrx_word' id='word_1_33' title='bbox 653 690 721 752; x_wconf 92' lang='lat' dir='ltr'>huic</span> <span class='ocrx_word' id='word_1_34' title='bbox 743 690 819 753; x_wconf 86' lang='lat' dir='ltr'>filius</span> <span class='ocrx_word' id='word_1_35' title='bbox 842 710 909 761; x_wconf 91' lang='lat' dir='ltr'>una,</span> 
     </span>
     <span class='ocr_line' id='line_1_7' title="bbox 156 777 1174 855; baseline -0.003 -16"><span class='ocrx_word' id='word_1_36' title='bbox 156 796 215 838; x_wconf 89' lang='lat' dir='ltr'>una</span> <span class='ocrx_word' id='word_1_37' title='bbox 236 796 338 839; x_wconf 90' lang='lat' dir='ltr'>omnes</span> <span class='ocrx_word' id='word_1_38' title='bbox 356 778 492 838; x_wconf 87' lang='lat' dir='ltr'>iuvenum</span> <span class='ocrx_word' id='word_1_39' title='bbox 510 777 598 855; x_wconf 90' lang='lat' dir='ltr'>primi</span> <span class='ocrx_word' id='word_1_40' title='bbox 619 793 792 854; x_wconf 78' lang='lat' dir='ltr'>pauperque</span> <span class='ocrx_word' id='word_1_41' title='bbox 811 783 931 837; x_wconf 89' lang='lat' dir='ltr'>senatus</span> <span class='ocrx_word' id='word_1_42' title='bbox 1122 783 1174 837; x_wconf 76' lang='grc'>101</span> 
     </span>
     <span class='ocr_line' id='line_1_8' title="bbox 155 859 966 939; baseline -0.002 -17"><span class='ocrx_word' id='word_1_43' title='bbox 155 870 221 922; x_wconf 90' lang='lat' dir='ltr'>tura</span> <span class='ocrx_word' id='word_1_44' title='bbox 243 861 359 930; x_wconf 89' lang='lat' dir='ltr'>dabant,</span> <span class='ocrx_word' id='word_1_45' title='bbox 378 860 552 939; x_wconf 92' lang='lat' dir='ltr'>tepidusque</span> <span class='ocrx_word' id='word_1_46' title='bbox 574 877 662 920; x_wconf 91' lang='lat' dir='ltr'>cruor</span> <span class='ocrx_word' id='word_1_47' title='bbox 683 859 815 920; x_wconf 78' lang='lat' dir='ltr'>fumabat</span> <span class='ocrx_word' id='word_1_48' title='bbox 835 860 872 921; x_wconf 95' lang='lat' dir='ltr'>ad</span> <span class='ocrx_word' id='word_1_49' title='bbox 892 877 966 922; x_wconf 82' lang='lat' dir='ltr'>aras.</span> 
     </span>
     <span class='ocr_line' id='line_1_9' title="bbox 155 944 869 1023; baseline 0.003 -19"><span class='ocrx_word' id='word_1_50' title='bbox 155 954 188 1004; x_wconf 94' lang='lat' dir='ltr'>ut</span> <span class='ocrx_word' id='word_1_51' title='bbox 209 945 300 1006; x_wconf 91' lang='lat' dir='ltr'>celsas</span> <span class='ocrx_word' id='word_1_52' title='bbox 322 946 421 1006; x_wconf 87' lang='lat' dir='ltr'>videre</span> <span class='ocrx_word' id='word_1_53' title='bbox 442 951 521 1004; x_wconf 83' lang='lat' dir='ltr'>rates</span> <span class='ocrx_word' id='word_1_54' title='bbox 543 950 631 1022; x_wconf 92' lang='lat' dir='ltr'>atque</span> <span class='ocrx_word' id='word_1_55' title='bbox 648 944 724 1003; x_wconf 91' lang='lat' dir='ltr'>inter</span> <span class='ocrx_word' id='word_1_56' title='bbox 745 961 869 1023; x_wconf 90' lang='lat' dir='ltr'>opacum</span> 
     </span>
     <span class='ocr_line' id='line_1_10' title="bbox 156 1025 851 1098; baseline -0.003 -8"><span class='ocrx_word' id='word_1_57' title='bbox 156 1027 252 1090; x_wconf 80' lang='lat' dir='ltr'>adlabi</span> <span class='ocrx_word' id='word_1_58' title='bbox 273 1046 377 1089; x_wconf 90' lang='lat' dir='ltr'>nemus</span> <span class='ocrx_word' id='word_1_59' title='bbox 397 1038 426 1090; x_wconf 90' lang='lat' dir='ltr'>et</span> <span class='ocrx_word' id='word_1_60' title='bbox 446 1028 541 1088; x_wconf 86' lang='lat' dir='ltr'>tacitis</span> <span class='ocrx_word' id='word_1_61' title='bbox 561 1025 732 1088; x_wconf 82' lang='lat' dir='ltr'>incumbere</span> <span class='ocrx_word' id='word_1_62' title='bbox 752 1029 851 1098; x_wconf 88' lang='lat' dir='ltr'>remis,</span> 
     </span>
     <span class='ocr_line' id='line_1_11' title="bbox 157 1111 816 1190; baseline 0.002 -19"><span class='ocrx_word' id='word_1_63' title='bbox 157 1119 304 1174; x_wconf 90' lang='lat' dir='ltr'>terrentur</span> <span class='ocrx_word' id='word_1_64' title='bbox 326 1113 388 1172; x_wconf 89' lang='lat' dir='ltr'>visu</span> <span class='ocrx_word' id='word_1_65' title='bbox 410 1111 505 1171; x_wconf 90' lang='lat' dir='ltr'>subito</span> <span class='ocrx_word' id='word_1_66' title='bbox 530 1113 686 1190; x_wconf 82' lang='lat' dir='ltr'>cunctique</span> <span class='ocrx_word' id='word_1_67' title='bbox 707 1111 816 1172; x_wconf 86' lang='lat' dir='ltr'>relictis</span> 
     </span>
     <span class='ocr_line' id='line_1_12' title="bbox 156 1192 1174 1274; baseline -0.001 -19"><span class='ocrx_word' id='word_1_68' title='bbox 156 1205 338 1274; x_wconf 85' lang='lat' dir='ltr'>consurgunt</span> <span class='ocrx_word' id='word_1_69' title='bbox 358 1195 477 1257; x_wconf 86' lang='lat' dir='ltr'>mensis.</span> <span class='ocrx_word' id='word_1_70' title='bbox 513 1196 607 1256; x_wconf 83' lang='lat' dir='ltr'>audax</span> <span class='ocrx_word' id='word_1_71' title='bbox 629 1213 703 1273; x_wconf 93' lang='lat' dir='ltr'>quos</span> <span class='ocrx_word' id='word_1_72' title='bbox 724 1213 864 1273; x_wconf 86' lang='lat' dir='ltr'>rumpere</span> <span class='ocrx_word' id='word_1_73' title='bbox 884 1192 978 1256; x_wconf 84' lang='lat' dir='ltr'>Pallas</span> <span class='ocrx_word' id='word_1_74' title='bbox 1123 1201 1174 1254; x_wconf 90' lang='lat'>110</span> 
     </span>
     <span class='ocr_line' id='line_1_13' title="bbox 155 1278 881 1359; baseline 0.001 -21"><span class='ocrx_word' id='word_1_75' title='bbox 155 1296 238 1340; x_wconf 91' lang='lat' dir='ltr'>sacra</span> <span class='ocrx_word' id='word_1_76' title='bbox 257 1286 333 1340; x_wconf 79' lang='lat' dir='ltr'>vetat</span> <span class='ocrx_word' id='word_1_77' title='bbox 355 1288 498 1359; x_wconf 89' lang='lat' dir='ltr'>raptoque</span> <span class='ocrx_word' id='word_1_78' title='bbox 518 1278 595 1339; x_wconf 88' lang='lat' dir='ltr'>volat</span> <span class='ocrx_word' id='word_1_79' title='bbox 613 1278 672 1340; x_wconf 89' lang='lat' dir='ltr'>telo</span> <span class='ocrx_word' id='word_1_80' title='bbox 693 1278 797 1340; x_wconf 84' lang='lat' dir='ltr'>obvius</span> <span class='ocrx_word' id='word_1_81' title='bbox 817 1279 881 1358; x_wconf 90' lang='lat' dir='ltr'>ipse</span> 
     </span>
     <span class='ocr_line' id='line_1_14' title="bbox 155 1362 992 1443; baseline -0.002 -18"><span class='ocrx_word' id='word_1_82' title='bbox 155 1371 184 1425; x_wconf 96' lang='lat' dir='ltr'>et</span> <span class='ocrx_word' id='word_1_83' title='bbox 206 1362 311 1443; x_wconf 91' lang='lat' dir='ltr'>procul</span> <span class='ocrx_word' id='word_1_84' title='bbox 332 1381 349 1423; x_wconf 92' lang='lat' dir='ltr'>e</span> <span class='ocrx_word' id='word_1_85' title='bbox 369 1363 481 1425; x_wconf 90' lang='lat' dir='ltr'>tumulo</span> <span class='ocrx_word' id='word_1_86' title='bbox 504 1364 648 1434; x_wconf 74' lang='lat' dir='ltr'>‘iuvenes</span> <span class='ocrx_word' id='word_1_87' title='bbox 672 1380 747 1442; x_wconf 89' lang='lat' dir='ltr'>quae</span> <span class='ocrx_word' id='word_1_88' title='bbox 770 1381 857 1424; x_wconf 92' lang='lat' dir='ltr'>causa</span> <span class='ocrx_word' id='word_1_89' title='bbox 876 1362 992 1439; x_wconf 77' lang='lat' dir='ltr'>subegit</span> 
     </span>
     <span class='ocr_line' id='line_1_15' title="bbox 155 1446 909 1526; baseline 0.001 -20"><span class='ocrx_word' id='word_1_90' title='bbox 155 1447 268 1524; x_wconf 89' lang='lat' dir='ltr'>ignotas</span> <span class='ocrx_word' id='word_1_91' title='bbox 287 1455 432 1525; x_wconf 90' lang='lat' dir='ltr'>temptare</span> <span class='ocrx_word' id='word_1_92' title='bbox 453 1446 533 1506; x_wconf 82' lang='lat' dir='ltr'>vlasi</span> <span class='ocrx_word' id='word_1_93' title='bbox 555 1465 613 1524; x_wconf 91' lang='lat' dir='ltr'>quo</span> <span class='ocrx_word' id='word_1_94' title='bbox 631 1446 783 1508; x_wconf 77' lang='lat' dir='ltr'>tenditisi’</span> <span class='ocrx_word' id='word_1_95' title='bbox 805 1447 909 1526; x_wconf 80' lang='lat' dir='ltr'>hiquit.</span> 
     </span>
     <span class='ocr_line' id='line_1_16' title="bbox 155 1528 1110 1610; baseline -0.001 -19"><span class='ocrx_word' id='word_1_96' title='bbox 155 1533 222 1610; x_wconf 82' lang='lat' dir='ltr'>‘qui</span> <span class='ocrx_word' id='word_1_97' title='bbox 243 1533 354 1608; x_wconf 79' lang='lat' dir='ltr'>genus?</span> <span class='ocrx_word' id='word_1_98' title='bbox 375 1531 454 1591; x_wconf 90' lang='lat' dir='ltr'>unde</span> <span class='ocrx_word' id='word_1_99' title='bbox 474 1530 583 1592; x_wconf 71' lang='lat' dir='ltr'>domet</span> <span class='ocrx_word' id='word_1_100' title='bbox 604 1549 746 1608; x_wconf 88' lang='lat' dir='ltr'>pacemne</span> <span class='ocrx_word' id='word_1_101' title='bbox 765 1530 824 1592; x_wconf 90' lang='lat' dir='ltr'>huc</span> <span class='ocrx_word' id='word_1_102' title='bbox 839 1530 922 1592; x_wconf 85' lang='lat' dir='ltr'>fertis</span> <span class='ocrx_word' id='word_1_103' title='bbox 940 1549 977 1592; x_wconf 90' lang='lat' dir='ltr'>an</span> <span class='ocrx_word' id='word_1_104' title='bbox 995 1528 1110 1591; x_wconf 88' lang='lat' dir='ltr'>armai&#39;</span> 
     </span>
     <span class='ocr_line' id='line_1_17' title="bbox 155 1613 1174 1694; baseline -0.002 -19"><span class='ocrx_word' id='word_1_105' title='bbox 155 1623 216 1676; x_wconf 88' lang='lat' dir='ltr'>tum</span> <span class='ocrx_word' id='word_1_106' title='bbox 239 1622 322 1692; x_wconf 90' lang='lat' dir='ltr'>pater</span> <span class='ocrx_word' id='word_1_107' title='bbox 343 1616 455 1676; x_wconf 81' lang='lat' dir='ltr'>Aeneas</span> <span class='ocrx_word' id='word_1_108' title='bbox 477 1617 570 1694; x_wconf 93' lang='lat' dir='ltr'>puppi</span> <span class='ocrx_word' id='word_1_109' title='bbox 588 1616 630 1676; x_wconf 92' lang='lat' dir='ltr'>sic</span> <span class='ocrx_word' id='word_1_110' title='bbox 652 1615 730 1676; x_wconf 91' lang='lat' dir='ltr'>fatur</span> <span class='ocrx_word' id='word_1_111' title='bbox 752 1615 789 1676; x_wconf 91' lang='lat' dir='ltr'>ab</span> <span class='ocrx_word' id='word_1_112' title='bbox 810 1613 867 1676; x_wconf 90' lang='lat' dir='ltr'>alta</span> <span class='ocrx_word' id='word_1_113' title='bbox 1122 1620 1174 1674; x_wconf 82' lang='lat' dir='ltr'>tto</span> 
     </span>
     <span class='ocr_line' id='line_1_18' title="bbox 155 1696 920 1778; baseline 0.001 -19"><span class='ocrx_word' id='word_1_114' title='bbox 155 1701 360 1778; x_wconf 78' lang='lat' dir='ltr'>paciferaeque</span> <span class='ocrx_word' id='word_1_115' title='bbox 382 1718 471 1759; x_wconf 91' lang='lat' dir='ltr'>manu</span> <span class='ocrx_word' id='word_1_116' title='bbox 492 1717 608 1760; x_wconf 87' lang='lat' dir='ltr'>ramum</span> <span class='ocrx_word' id='word_1_117' title='bbox 626 1699 792 1778; x_wconf 86' lang='lat' dir='ltr'>praetendit</span> <span class='ocrx_word' id='word_1_118' title='bbox 813 1696 920 1760; x_wconf 88' lang='lat' dir='ltr'>olivae:</span> 
     </span>
     <span class='ocr_line' id='line_1_19' title="bbox 154 1782 866 1859; baseline 0 -17"><span class='ocrx_word' id='word_1_119' title='bbox 154 1782 351 1859; x_wconf 84' lang='lat' dir='ltr'>‘Troiugenas</span> <span class='ocrx_word' id='word_1_120' title='bbox 373 1800 407 1843; x_wconf 89' lang='lat' dir='ltr'>ac</span> <span class='ocrx_word' id='word_1_121' title='bbox 429 1783 487 1844; x_wconf 91' lang='lat' dir='ltr'>tela</span> <span class='ocrx_word' id='word_1_122' title='bbox 508 1784 586 1844; x_wconf 87' lang='lat' dir='ltr'>rides</span> <span class='ocrx_word' id='word_1_123' title='bbox 608 1784 726 1844; x_wconf 91' lang='lat' dir='ltr'>inimica</span> <span class='ocrx_word' id='word_1_124' title='bbox 748 1783 866 1852; x_wconf 91' lang='lat' dir='ltr'>Latinis,</span> 
     </span>
     <span class='ocr_line' id='line_1_20' title="bbox 157 1864 825 1946; baseline 0.001 -20"><span class='ocrx_word' id='word_1_125' title='bbox 157 1884 228 1944; x_wconf 88' lang='lat' dir='ltr'>quos</span> <span class='ocrx_word' id='word_1_126' title='bbox 250 1866 291 1927; x_wconf 88' lang='lat' dir='ltr'>illi</span> <span class='ocrx_word' id='word_1_127' title='bbox 309 1864 387 1928; x_wconf 90' lang='lat' dir='ltr'>bello</span> <span class='ocrx_word' id='word_1_128' title='bbox 409 1867 552 1946; x_wconf 87' lang='lat' dir='ltr'>profugos</span> <span class='ocrx_word' id='word_1_129' title='bbox 574 1885 662 1945; x_wconf 89' lang='lat' dir='ltr'>egere</span> <span class='ocrx_word' id='word_1_130' title='bbox 684 1867 825 1946; x_wconf 91' lang='lat' dir='ltr'>superbo.</span> 
     </span>
     <span class='ocr_line' id='line_1_21' title="bbox 153 1949 962 2030; baseline 0 -20"><span class='ocrx_word' id='word_1_131' title='bbox 153 1949 324 2011; x_wconf 80' lang='lat' dir='ltr'>Euandrum</span> <span class='ocrx_word' id='word_1_132' title='bbox 347 1950 483 2030; x_wconf 88' lang='lat' dir='ltr'>petimus.</span> <span class='ocrx_word' id='word_1_133' title='bbox 517 1952 593 2012; x_wconf 91' lang='lat' dir='ltr'>ferte</span> <span class='ocrx_word' id='word_1_134' title='bbox 615 1951 689 2013; x_wconf 91' lang='lat' dir='ltr'>haec</span> <span class='ocrx_word' id='word_1_135' title='bbox 712 1958 740 2012; x_wconf 90' lang='lat' dir='ltr'>et</span> <span class='ocrx_word' id='word_1_136' title='bbox 760 1952 848 2012; x_wconf 91' lang='lat' dir='ltr'>dicite</span> <span class='ocrx_word' id='word_1_137' title='bbox 869 1949 962 2012; x_wconf 88' lang='lat' dir='ltr'>lectos</span> 
     </span>
     <span class='ocr_line' id='line_1_22' title="bbox 153 2033 1173 2111; baseline 0 -17"><span class='ocrx_word' id='word_1_138' title='bbox 153 2033 315 2095; x_wconf 88' lang='lat' dir='ltr'>Dardaniae</span> <span class='ocrx_word' id='word_1_139' title='bbox 334 2035 448 2096; x_wconf 80' lang='lat' dir='ltr'>venisse</span> <span class='ocrx_word' id='word_1_140' title='bbox 471 2035 562 2096; x_wconf 88' lang='lat' dir='ltr'>duces</span> <span class='ocrx_word' id='word_1_141' title='bbox 584 2037 663 2096; x_wconf 87' lang='lat' dir='ltr'>socia</span> <span class='ocrx_word' id='word_1_142' title='bbox 685 2053 767 2096; x_wconf 90' lang='lat' dir='ltr'>arma</span> <span class='ocrx_word' id='word_1_143' title='bbox 788 2034 939 2111; x_wconf 67' lang='lat' dir='ltr'>rogantia:</span> <span class='ocrx_word' id='word_1_144' title='bbox 1121 2039 1173 2095; x_wconf 80' lang='lat' dir='ltr'>lac</span> 
     </span>
     <span class='ocr_line' id='line_1_23' title="bbox 154 2116 846 2198; baseline 0.006 -22"><span class='ocrx_word' id='word_1_145' title='bbox 154 2116 293 2197; x_wconf 86' lang='lat' dir='ltr'>obstipuit</span> <span class='ocrx_word' id='word_1_146' title='bbox 313 2126 393 2179; x_wconf 91' lang='lat' dir='ltr'>tanto</span> <span class='ocrx_word' id='word_1_147' title='bbox 414 2138 573 2198; x_wconf 86' lang='lat' dir='ltr'>percussus</span> <span class='ocrx_word' id='word_1_148' title='bbox 594 2119 712 2182; x_wconf 82' lang='lat' dir='ltr'>noniine</span> <span class='ocrx_word' id='word_1_149' title='bbox 734 2118 846 2182; x_wconf 88' lang='lat' dir='ltr'>Pallas:</span> 
     </span>
     <span class='ocr_line' id='line_1_24' title="bbox 155 2201 1049 2283; baseline 0 -22"><span class='ocrx_word' id='word_1_150' title='bbox 155 2201 315 2277; x_wconf 81' lang='lat' dir='ltr'>‘egredere</span> <span class='ocrx_word' id='word_1_151' title='bbox 338 2221 356 2262; x_wconf 98' lang='lat' dir='ltr'>o</span> <span class='ocrx_word' id='word_1_152' title='bbox 377 2204 554 2283; x_wconf 85' lang='lat' dir='ltr'>quicumque</span> <span class='ocrx_word' id='word_1_153' title='bbox 575 2201 622 2265; x_wconf 86' lang='lat' dir='ltr'>es&#39;</span> <span class='ocrx_word' id='word_1_154' title='bbox 638 2204 678 2264; x_wconf 92' lang='lat' dir='ltr'>ait</span> <span class='ocrx_word' id='word_1_155' title='bbox 700 2212 873 2282; x_wconf 86' lang='lat' dir='ltr'>‘coramque</span> <span class='ocrx_word' id='word_1_156' title='bbox 896 2209 1049 2281; x_wconf 90' lang='lat' dir='ltr'>parentem</span> 
     </span>
     <span class='ocr_line' id='line_1_25' title="bbox 153 2284 987 2366; baseline 0.001 -21"><span class='ocrx_word' id='word_1_157' title='bbox 153 2284 314 2363; x_wconf 90' lang='lat' dir='ltr'>adloquere</span> <span class='ocrx_word' id='word_1_158' title='bbox 336 2305 370 2347; x_wconf 88' lang='lat' dir='ltr'>ac</span> <span class='ocrx_word' id='word_1_159' title='bbox 392 2288 502 2347; x_wconf 89' lang='lat' dir='ltr'>nostris</span> <span class='ocrx_word' id='word_1_160' title='bbox 524 2287 649 2349; x_wconf 84' lang='lat' dir='ltr'>succede</span> <span class='ocrx_word' id='word_1_161' title='bbox 670 2287 825 2366; x_wconf 89' lang='lat' dir='ltr'>penatibus</span> <span class='ocrx_word' id='word_1_162' title='bbox 847 2284 987 2364; x_wconf 87' lang='lat' dir='ltr'>hospes;&#39;</span> 
     </span>
     <span class='ocr_line' id='line_1_26' title="bbox 154 2370 977 2451; baseline 0.001 -22"><span class='ocrx_word' id='word_1_163' title='bbox 154 2371 326 2449; x_wconf 86' lang='lat' dir='ltr'>excepitque</span> <span class='ocrx_word' id='word_1_164' title='bbox 347 2390 436 2432; x_wconf 91' lang='lat' dir='ltr'>manu</span> <span class='ocrx_word' id='word_1_165' title='bbox 458 2371 650 2451; x_wconf 81' lang='lat' dir='ltr'>dextramque</span> <span class='ocrx_word' id='word_1_166' title='bbox 672 2370 824 2450; x_wconf 84' lang='lat' dir='ltr'>amplexus</span> <span class='ocrx_word' id='word_1_167' title='bbox 845 2370 977 2432; x_wconf 74' lang='lat' dir='ltr'>inhaesit</span> 
     </span>
     <span class='ocr_line' id='line_1_27' title="bbox 152 2453 1174 2535; baseline 0 -23"><span class='ocrx_word' id='word_1_168' title='bbox 152 2453 303 2532; x_wconf 81' lang='lat' dir='ltr'>progressi</span> <span class='ocrx_word' id='word_1_169' title='bbox 324 2455 451 2516; x_wconf 88' lang='lat' dir='ltr'>subeunt</span> <span class='ocrx_word' id='word_1_170' title='bbox 469 2456 536 2516; x_wconf 88' lang='lat' dir='ltr'>luco</span> <span class='ocrx_word' id='word_1_171' title='bbox 557 2455 735 2535; x_wconf 89' lang='lat' dir='ltr'>fluviumque</span> <span class='ocrx_word' id='word_1_172' title='bbox 758 2455 911 2519; x_wconf 86' lang='lat' dir='ltr'>relincunt.</span> <span class='ocrx_word' id='word_1_173' title='bbox 1122 2459 1174 2512; x_wconf 79' lang='lat' dir='ltr'>tab</span> 
     </span>
     <span class='ocr_line' id='line_1_28' title="bbox 195 2536 892 2616; baseline 0.004 -20"><span class='ocrx_word' id='word_1_174' title='bbox 195 2536 270 2598; x_wconf 85' lang='lat' dir='ltr'>Tum</span> <span class='ocrx_word' id='word_1_175' title='bbox 293 2557 393 2616; x_wconf 87' lang='lat' dir='ltr'>regem</span> <span class='ocrx_word' id='word_1_176' title='bbox 415 2539 528 2600; x_wconf 78' lang='lat' dir='ltr'>deneas</span> <span class='ocrx_word' id='word_1_177' title='bbox 550 2540 633 2602; x_wconf 84' lang='lat' dir='ltr'>dietis</span> <span class='ocrx_word' id='word_1_178' title='bbox 656 2540 771 2602; x_wconf 79' lang='lat' dir='ltr'>adfatur</span> <span class='ocrx_word' id='word_1_179' title='bbox 792 2541 892 2603; x_wconf 84' lang='lat' dir='ltr'>amicis</span> 
     </span>
     <span class='ocr_line' id='line_1_29' title="bbox 156 2623 941 2703; baseline 0.006 -23"><span class='ocrx_word' id='word_1_180' title='bbox 156 2628 288 2699; x_wconf 59' lang='lat' dir='ltr'>‘optume</span> <span class='ocrx_word' id='word_1_181' title='bbox 308 2623 515 2701; x_wconf 82' lang='lat' dir='ltr'>Graiugenum,</span> <span class='ocrx_word' id='word_1_182' title='bbox 536 2625 583 2685; x_wconf 94' lang='lat' dir='ltr'>cui</span> <span class='ocrx_word' id='word_1_183' title='bbox 606 2643 653 2685; x_wconf 92' lang='lat' dir='ltr'>me</span> <span class='ocrx_word' id='word_1_184' title='bbox 671 2624 803 2687; x_wconf 82' lang='lat' dir='ltr'>Fortuna</span> <span class='ocrx_word' id='word_1_185' title='bbox 824 2623 941 2703; x_wconf 88' lang='lat' dir='ltr'>precari</span> 
     </span>
     <span class='ocr_line' id='line_1_30' title="bbox 152 2706 880 2788; baseline 0.008 -22"><span class='ocrx_word' id='word_1_186' title='bbox 152 2712 181 2766; x_wconf 90' lang='lat' dir='ltr'>et</span> <span class='ocrx_word' id='word_1_187' title='bbox 203 2706 271 2765; x_wconf 86' lang='lat' dir='ltr'>vitta</span> <span class='ocrx_word' id='word_1_188' title='bbox 294 2714 425 2784; x_wconf 91' lang='lat' dir='ltr'>comptos</span> <span class='ocrx_word' id='word_1_189' title='bbox 445 2706 536 2768; x_wconf 85' lang='lat' dir='ltr'>voluit</span> <span class='ocrx_word' id='word_1_190' title='bbox 557 2708 752 2788; x_wconf 86' lang='lat' dir='ltr'>praetendere</span> <span class='ocrx_word' id='word_1_191' title='bbox 772 2727 880 2776; x_wconf 85' lang='lat' dir='ltr'>ramos.</span> 
     </span>
     <span class='ocr_line' id='line_1_31' title="bbox 152 2789 1052 2870; baseline 0 -22"><span class='ocrx_word' id='word_1_192' title='bbox 152 2805 210 2848; x_wconf 92' lang='lat' dir='ltr'>non</span> <span class='ocrx_word' id='word_1_193' title='bbox 231 2789 365 2867; x_wconf 88' lang='lat' dir='ltr'>equidem</span> <span class='ocrx_word' id='word_1_194' title='bbox 388 2791 518 2861; x_wconf 76' lang='lat' dir='ltr'>ertlmul</span> <span class='ocrx_word' id='word_1_195' title='bbox 541 2792 674 2854; x_wconf 89' lang='lat' dir='ltr'>Danaum</span> <span class='ocrx_word' id='word_1_196' title='bbox 693 2792 772 2870; x_wconf 93' lang='lat' dir='ltr'>quod</span> <span class='ocrx_word' id='word_1_197' title='bbox 791 2793 895 2853; x_wconf 90' lang='lat' dir='ltr'>ductor</span> <span class='ocrx_word' id='word_1_198' title='bbox 914 2796 943 2850; x_wconf 89' lang='grc'>11</span> <span class='ocrx_word' id='word_1_199' title='bbox 963 2791 1052 2849; x_wconf 82' lang='lat' dir='ltr'>hrcas</span> 
     </span>
     <span class='ocr_line' id='line_1_32' title="bbox 152 2870 1174 2954; baseline 0.007 -25"><span class='ocrx_word' id='word_1_200' title='bbox 152 2871 289 2948; x_wconf 89' lang='lat' dir='ltr'>quodque</span> <span class='ocrx_word' id='word_1_201' title='bbox 312 2890 328 2933; x_wconf 95' lang='lat' dir='ltr'>a</span> <span class='ocrx_word' id='word_1_202' title='bbox 350 2875 440 2952; x_wconf 89' lang='lat' dir='ltr'>stirpe</span> <span class='ocrx_word' id='word_1_203' title='bbox 462 2876 541 2937; x_wconf 85' lang='lat' dir='ltr'>fores</span> <span class='ocrx_word' id='word_1_204' title='bbox 562 2876 685 2954; x_wconf 88' lang='lat' dir='ltr'>geminis</span> <span class='ocrx_word' id='word_1_205' title='bbox 704 2877 879 2936; x_wconf 81' lang='lat' dir='ltr'>coniunctus</span> <span class='ocrx_word' id='word_1_206' title='bbox 895 2870 1019 2940; x_wconf 73' lang='lat' dir='ltr'>Atridis:</span> <span class='ocrx_word' id='word_1_207' title='bbox 1122 2879 1174 2936; x_wconf 83' lang='grc'>100</span> 
     </span>
     <span class='ocr_line' id='line_1_33' title="bbox 151 2954 899 3021; baseline 0.004 -8"><span class='ocrx_word' id='word_1_208' title='bbox 151 2954 203 3014; x_wconf 84' lang='lat' dir='ltr'>aed</span> <span class='ocrx_word' id='word_1_209' title='bbox 225 2972 290 3015; x_wconf 89' lang='lat' dir='ltr'>mea</span> <span class='ocrx_word' id='word_1_210' title='bbox 312 2974 359 3017; x_wconf 92' lang='lat' dir='ltr'>me</span> <span class='ocrx_word' id='word_1_211' title='bbox 377 2960 470 3018; x_wconf 89' lang='lat' dir='ltr'>virtus</span> <span class='ocrx_word' id='word_1_212' title='bbox 493 2966 522 3021; x_wconf 91' lang='lat' dir='ltr'>et</span> <span class='ocrx_word' id='word_1_213' title='bbox 542 2967 641 3020; x_wconf 90' lang='lat' dir='ltr'>sancta</span> <span class='ocrx_word' id='word_1_214' title='bbox 663 2957 782 3020; x_wconf 79' lang='lat' dir='ltr'>oracula</span> <span class='ocrx_word' id='word_1_215' title='bbox 804 2958 899 3019; x_wconf 80' lang='lat' dir='ltr'>divom</span> 
     </span>
     <span class='ocr_line' id='line_1_34' title="bbox 152 3039 850 3118; baseline 0.004 -20"><span class='ocrx_word' id='word_1_216' title='bbox 152 3039 325 3117; x_wconf 87' lang='lat' dir='ltr'>cognatique</span> <span class='ocrx_word' id='word_1_217' title='bbox 344 3050 452 3118; x_wconf 87' lang='lat' dir='ltr'>patres,</span> <span class='ocrx_word' id='word_1_218' title='bbox 475 3051 524 3104; x_wconf 91' lang='lat' dir='ltr'>tua</span> <span class='ocrx_word' id='word_1_219' title='bbox 545 3044 633 3104; x_wconf 82' lang='lat' dir='ltr'>terris</span> <span class='ocrx_word' id='word_1_220' title='bbox 654 3042 743 3102; x_wconf 85' lang='lat' dir='ltr'>didita</span> <span class='ocrx_word' id='word_1_221' title='bbox 764 3042 850 3111; x_wconf 87' lang='lat' dir='ltr'>fama,</span> 
     </span>
     <span class='ocr_line' id='line_1_35' title="bbox 151 3122 821 3204; baseline 0.009 -24"><span class='ocrx_word' id='word_1_222' title='bbox 151 3122 329 3183; x_wconf 84' lang='lat' dir='ltr'>coniunxere</span> <span class='ocrx_word' id='word_1_223' title='bbox 353 3125 405 3185; x_wconf 91' lang='lat' dir='ltr'>tibi</span> <span class='ocrx_word' id='word_1_224' title='bbox 425 3135 454 3186; x_wconf 89' lang='lat' dir='ltr'>et</span> <span class='ocrx_word' id='word_1_225' title='bbox 476 3127 541 3186; x_wconf 86' lang='lat' dir='ltr'>fatis</span> <span class='ocrx_word' id='word_1_226' title='bbox 560 3143 648 3204; x_wconf 88' lang='lat' dir='ltr'>egere</span> <span class='ocrx_word' id='word_1_227' title='bbox 667 3124 821 3186; x_wconf 82' lang='lat' dir='ltr'>volentem.</span> 
     </span>
     <span class='ocr_line' id='line_1_36' title="bbox 147 3202 962 3290; baseline 0.005 -26"><span class='ocrx_word' id='word_1_228' title='bbox 147 3202 310 3276; x_wconf 70' lang='lat' dir='ltr'>Dardanus</span> <span class='ocrx_word' id='word_1_229' title='bbox 333 3205 437 3271; x_wconf 88' lang='lat' dir='ltr'>Iliacae</span> <span class='ocrx_word' id='word_1_230' title='bbox 454 3211 566 3290; x_wconf 86' lang='lat' dir='ltr'>primus</span> <span class='ocrx_word' id='word_1_231' title='bbox 589 3216 672 3287; x_wconf 89' lang='lat' dir='ltr'>pater</span> <span class='ocrx_word' id='word_1_232' title='bbox 694 3208 776 3269; x_wconf 90' lang='lat' dir='ltr'>urbis</span> <span class='ocrx_word' id='word_1_233' title='bbox 798 3215 828 3270; x_wconf 93' lang='lat' dir='ltr'>et</span> <span class='ocrx_word' id='word_1_234' title='bbox 851 3216 962 3277; x_wconf 87' lang='lat' dir='ltr'>auctor,</span> 
     </span>
     <span class='ocr_line' id='line_1_37' title="bbox 149 3285 1174 3372; baseline 0.009 -23"><span class='ocrx_word' id='word_1_235' title='bbox 149 3285 275 3359; x_wconf 83' lang='lat' dir='ltr'>Electra,</span> <span class='ocrx_word' id='word_1_236' title='bbox 294 3297 325 3351; x_wconf 94' lang='lat' dir='ltr'>ut</span> <span class='ocrx_word' id='word_1_237' title='bbox 347 3292 417 3353; x_wconf 89' lang='lat' dir='ltr'>Grai</span> <span class='ocrx_word' id='word_1_238' title='bbox 436 3293 602 3372; x_wconf 89' lang='lat' dir='ltr'>perhibent,</span> <span class='ocrx_word' id='word_1_239' title='bbox 626 3292 769 3355; x_wconf 80' lang='lat' dir='ltr'>Atlantide</span> <span class='ocrx_word' id='word_1_240' title='bbox 792 3302 900 3362; x_wconf 88' lang='lat' dir='ltr'>cretus,</span> <span class='ocrx_word' id='word_1_241' title='bbox 1119 3299 1174 3358; x_wconf 77' lang='grc'><strong>1011</strong></span> 
     </span>
     <span class='ocr_line' id='line_1_38' title="bbox 150 3369 930 3446; baseline 0.006 -14"><span class='ocrx_word' id='word_1_242' title='bbox 150 3369 302 3434; x_wconf 80' lang='lat' dir='ltr'>advehitur</span> <span class='ocrx_word' id='word_1_243' title='bbox 320 3373 464 3446; x_wconf 77' lang='lat' dir='ltr'>Teucros:</span> <span class='ocrx_word' id='word_1_244' title='bbox 487 3377 632 3439; x_wconf 89' lang='lat' dir='ltr'>Electram</span> <span class='ocrx_word' id='word_1_245' title='bbox 654 3397 809 3440; x_wconf 84' lang='lat' dir='ltr'>maxumus</span> <span class='ocrx_word' id='word_1_246' title='bbox 831 3378 930 3439; x_wconf 78' lang='lat' dir='ltr'>Atlans</span> 
     </span>
     <span class='ocr_line' id='line_1_39' title="bbox 148 3452 865 3543; baseline 0.014 -28"><span class='ocrx_word' id='word_1_247' title='bbox 148 3452 247 3528; x_wconf 88' lang='lat' dir='ltr'>edidit,</span> <span class='ocrx_word' id='word_1_248' title='bbox 268 3457 413 3521; x_wconf 89' lang='lat' dir='ltr'>aetherios</span> <span class='ocrx_word' id='word_1_249' title='bbox 434 3480 537 3523; x_wconf 87' lang='lat' dir='ltr'>umero</span> <span class='ocrx_word' id='word_1_250' title='bbox 560 3464 610 3543; x_wconf 91' lang='lat' dir='ltr'>qul</span> <span class='ocrx_word' id='word_1_251' title='bbox 632 3465 756 3525; x_wconf 89' lang='lat' dir='ltr'>sustinet</span> <span class='ocrx_word' id='word_1_252' title='bbox 776 3462 865 3525; x_wconf 88' lang='lat' dir='ltr'>orbes</span> 
     </span>
    </p>
   </div>
   <div class='ocr_carea' id='block_1_3' title="bbox 0 0 1204 3878">
    <p class='ocr_par' dir='ltr' id='par_1_3' title="bbox 0 0 1204 3878">
     <span class='ocr_line' id='line_1_40' title="bbox 0 0 1204 3878; baseline 0 1"><span class='ocrx_word' id='word_1_253' title='bbox 0 0 1204 3878; x_wconf 95' lang='lat' dir='ltr'> </span> 
     </span>
    </p>
   </div>
  </div>
 </body>
</html>
