2454 3936
139 203 197 266 tat
472 212 612 259 vesunu
637 212 761 260 annuis
784 214 810 260 11

135 379 320 447 regnatorem
340 369 433 428 Asiae.
476 368 550 428 iacet
572 369 674 445 ingens
691 366 776 428 litore
797 375 918 428 truncus

133 452 322 530 avolsumque
344 451 453 512 umeris
475 459 562 529 caput
581 458 609 511 et
628 452 691 511 sine
712 452 830 512 nomine
852 467 967 529 corpus.

176 538 212 597 nt
231 555 278 596 me
301 545 361 596 tum
385 535 511 613 primum
533 553 634 595 saevos
658 537 847 596 circumstetit
862 521 1016 595 horror*

135 621 276 700 opstipui;
299 618 387 678 subiit
408 620 467 679 cari
490 619 629 697 genitoris
651 621 761 697 imago,
1096 627 1148 682 500

112 708 166 765 'ut
185 721 286 779 regem
309 718 486 780 aequaevom
509 701 619 764 crudeli
641 701 757 763 volnere
779 702 837 762 vidi

134 790 222 848 vitam
244 785 441 855 exhalantem:
465 786 552 847 subiit
573 787 688 847 deserta
710 786 817 847 Creusa

135 880 165 932 et
181 871 292 948 direpta
314 871 419 931 domus
438 878 466 931 et
489 871 569 948 parvi
589 888 673 931 casus
697 869 758 930 lnli.

135 955 259 1032 respicio
279 962 321 1022 et,
344 971 418 1030 quae
440 955 476 1013 sit
498 972 545 1014 me
567 954 677 1014 circum
697 954 794 1031 copia,
818 951 909 1012 lustro

135 1039 295 1099 deseruere
317 1054 418 1096 omnes
440 1036 562 1105 defessi,
586 1044 615 1097 et
637 1054 761 1114 corpora
780 1035 855 1097 saltu
1097 1045 1148 1100 505

135 1122 171 1182 ad
194 1128 302 1179 terram
325 1121 431 1180 misere
454 1128 504 1181 aut
524 1119 640 1197 ignibus
662 1136 749 1197 aegra
771 1119 887 1180 dedere.

177 1204 297 1281 lamque
318 1204 390 1263 adeo
412 1221 500 1280 super
522 1221 598 1263 unus
621 1221 718 1272 eram,
746 1221 812 1262 cum
833 1201 931 1262 limina
957 1201 1057 1263 Vestae

136 1296 300 1348 servantem
324 1293 351 1347 et
376 1288 491 1346 tacitam
514 1294 626 1347 secreta
648 1286 766 1347 insede
786 1285 923 1347 latentem

136 1371 300 1450 Tyndarida
322 1370 445 1447 aspicio;
468 1369 537 1430 dant
558 1370 666 1431 claram
687 1367 823 1429 incendia
845 1369 941 1429 lucem

137 1458 246 1516 erranti
267 1455 432 1533 passimque
454 1452 553 1515 oculos
575 1472 628 1532 per
652 1460 755 1515 cuncta
778 1454 890 1514 ferenti.
1098 1462 1149 1518 570

137 1538 183 1599 illa
206 1539 260 1600 sibi
281 1539 401 1599 infestos
423 1555 523 1599 eversa
545 1537 582 1598 ob
606 1539 748 1617 Pergama
765 1537 895 1598 Teucros

138 1631 166 1683 et
184 1641 294 1700 poenas
318 1622 448 1682 Danaum
471 1631 499 1683 ct
519 1621 626 1683 deserti
648 1623 779 1699 coniugis
796 1623 854 1682 iras

137 1714 358 1784 praemetuens,
382 1705 487 1766 Troiae
508 1712 537 1765 et
558 1714 624 1783 patr
636 1724 670 1766 ae
689 1706 850 1766 communis
873 1706 982 1783 erinys,

137 1789 289 1849 abdiderat
309 1806 374 1848 sese
391 1795 477 1866 atque
500 1790 557 1848 aris
579 1791 669 1849 invisa
689 1788 817 1849 sedebat.

137 1889 275 1933 exarsere
296 1873 379 1948 ignes
400 1872 510 1938 animo;
534 1871 611 1930 subit
632 1873 675 1931 ira
698 1872 849 1933 cadentem
1098 1876 1149 1934 570

140 1955 237 2018 ulcisci
259 1957 383 2033 patriam
405 1961 433 2013 et
455 1953 609 2015 sceleratas
634 1973 749 2015 sumere
773 1972 890 2032 poenas.

139 2038 263 2099 ‘scilicet
284 2039 356 2099 haec
376 2036 510 2114 Spartam
533 2037 686 2100 incolumis
706 2039 872 2118 patriasque
894 2039 1028 2118 Mycenas

138 2123 271 2200 aspiciet,
290 2128 433 2201 partoque
454 2120 507 2180 ibit
526 2124 626 2200 regina
646 2122 808 2200 triumpho,

139 2207 365 2285 coniugiumque
389 2204 566 2283 domumque
587 2214 686 2283 patres
707 2214 850 2283 natosque
874 2204 989 2274 videbit,

138 2289 259 2350 iliadum
282 2288 367 2350 turba
390 2295 418 2349 et
439 2288 571 2367 Phrygiis
592 2291 727 2349 comitata
747 2289 903 2351 ministris?
1100 2297 1150 2352 580
1197 2360 1202 2373 Ι

139 2372 278 2433 occiderit
300 2371 379 2432 ferro
403 2372 552 2432 Priamus?
595 2372 683 2433 Troia
705 2374 809 2434 arserit
828 2373 906 2451 igni?

139 2453 316 2518 Dardanium
337 2456 442 2516 totiens
461 2457 571 2517 sudarit
590 2457 731 2531 sanguine
752 2456 837 2519 litus?

139 2559 198 2600 non
220 2542 268 2601 ita.
314 2556 439 2619 namque
461 2542 514 2601 etsi
535 2539 647 2602 nullum
671 2539 860 2603 memorabile
882 2557 988 2599 nomen

139 2625 261 2686 leminea
282 2625 312 2684 in
335 2642 429 2701 poena
452 2633 570 2686 estnec
592 2626 681 2686 habet
702 2626 821 2685 victoria
844 2622 974 2691 laudem,

139 2709 295 2768 extinxisse
314 2708 395 2767 nefas
417 2716 514 2769 tamen
536 2718 563 2769 et
582 2710 741 2786 sumpsisse
755 2709 893 2768 merentis
1100 2716 1152 2770 585

138 2790 280 2850 laudabor
302 2807 426 2867 poenas,
449 2793 636 2868 animumque
660 2790 791 2866 explesse
811 2788 920 2848 iuvabit

138 2872 249 2932 ultricis
271 2871 405 2931 flammae
427 2879 456 2931 et
474 2874 586 2932 cineres
608 2873 727 2931 satiasse
745 2889 888 2931 meorum.

138 2953 207 3014 talia
227 2953 370 3014 lactabam
392 2960 421 3013 et
437 2954 542 3013 furiata
564 2961 660 3014 mente
684 2952 813 3023 ferebar,

140 3057 206 3098 cum
225 3037 296 3098 mihi
316 3055 366 3105 se,
389 3053 448 3095 non
470 3042 536 3097 ante
559 3036 651 3098 oculis
669 3043 728 3097 tam
751 3036 843 3106 clara,
864 3034 1018 3095 videndam

143 3121 244 3199 optulit
262 3128 291 3182 et
310 3137 383 3200 pura
405 3137 458 3198 per
480 3128 596 3181 noctem
617 3121 646 3180 in
670 3121 734 3182 luce
753 3119 866 3182 refulsit
1098 3130 1152 3185 500
1206 3190 1209 3194 ,

139 3204 214 3267 alma
235 3222 356 3283 parens,
378 3203 511 3266 confessa
532 3205 616 3266 deam
640 3203 790 3283 qualisque
810 3204 900 3265 rideri

139 3286 283 3350 caelicolis
305 3296 334 3350 et
354 3296 460 3367 quanta
482 3289 572 3358 solet,
598 3289 758 3368 dextraque
778 3288 957 3366 prehensum

140 3373 295 3443 continuit,
317 3389 462 3453 roseoque
482 3374 555 3435 haec
577 3373 696 3451 insuper
717 3372 827 3433 addidit
847 3391 912 3434 ore:

139 3449 237 3525 tuate,
259 3456 323 3535 quis
342 3455 495 3547 indomitas
516 3465 614 3519 tantus
636 3455 719 3518 dolor
739 3458 843 3518 excitat
864 3456 939 3517 iras?
