2400 3878
83 277 88 285 .
143 223 186 288 82
429 235 571 284 rnnomr
593 235 794 285 onoaarcou
815 236 869 286 uu

143 407 245 452 verum
266 389 317 450 ubi
338 387 418 449 nulia
439 387 539 465 iugam
560 391 670 467 reperit
691 389 818 460 fallacia,
840 391 931 450 rictus

143 476 172 536 in
194 491 259 534 sese
279 472 370 542 redit,
393 478 481 550 atque
501 472 626 532 hominis
648 473 765 534 tandem
787 490 839 533 ore
860 471 974 532 locutus

143 566 226 617 ‘nam
248 557 312 634 quis
334 561 377 623 te,
400 556 538 616 iuvenum
560 555 819 625 confidentissime,
841 563 956 615 nostras
1111 567 1168 620 44⁶

142 640 225 701 iussit
246 639 327 699 adire
349 638 469 698 domosi
513 639 617 718 quidve
639 640 707 699 hinc
728 637 834 717 petisi’
878 638 980 716 inquit.
1026 645 1057 698 at
1080 637 1135 702 iile

143 725 229 792 ‘scis,
252 723 375 792 Proteu,
398 723 455 782 scis
476 723 553 799 ipse;
597 741 692 800 neque
715 730 759 783 est
779 730 808 782 te
830 720 931 781 tallere
953 719 1114 798 quiquam:

143 806 194 866 sed
215 814 247 866 tu
270 805 370 865 desine
391 804 474 865 rebe.
519 805 606 865 deum
628 812 784 883 praecepta
806 805 898 864 secuti

143 891 288 958 venimus,
311 889 380 948 hinc
400 887 484 948 lassis
506 890 669 967 quaesitum
691 887 809 948 oracula
831 884 946 947 rebus.'

143 979 254 1033 tantum
276 971 387 1032 effatus.
431 971 467 1031 ad
489 971 562 1032 haec
583 979 662 1032 vates
683 973 710 1031 ri
732 972 858 1049 denique
879 967 969 1028 multa
1108 981 1167 1036 aaa

143 1055 272 1117 ardentis
293 1053 394 1115 oculos
415 1055 530 1114 intorsit
550 1054 659 1115 lumine
681 1053 801 1131 glauco,

142 1146 172 1199 ct
192 1139 318 1217 graviter
339 1137 477 1198 irendens
498 1139 540 1198 sic
563 1138 627 1197 iatis
649 1156 700 1197 ora
722 1136 853 1197 resolvit:

185 1231 259 1281 ‘nou
281 1228 310 1281 te
331 1220 438 1281 nudius
460 1229 597 1281 exercent
619 1222 745 1280 numinis
767 1221 843 1286 irae;

142 1322 247 1382 magna
267 1303 324 1364 luis
346 1305 514 1363 commissa:
559 1303 610 1363 tibi
632 1304 684 1363 has
705 1301 878 1364 miserabilis
901 1300 1037 1378 Orpheus

142 1388 359 1466 hautquaquam
381 1386 419 1447 ob
441 1388 577 1446 meritum
599 1404 722 1464 poenae,
745 1388 775 1445 ui
797 1386 854 1445 iata
876 1385 1021 1452 resistant,
1109 1396 1165 1452 45⁶

142 1473 277 1538 suscitat,
302 1478 330 1530 et
350 1477 434 1548 rapta
456 1472 582 1546 graviter
603 1487 658 1547 pro
680 1471 803 1547 coniuge
825 1469 923 1528 saevit.

142 1554 190 1615 illa
212 1554 343 1632 quidem,
367 1553 436 1614 dum
457 1560 486 1613 te
509 1553 623 1630 ingeret
644 1571 697 1630 per
718 1551 837 1613 flumina
859 1566 1008 1628 praeceps,

142 1639 299 1697 immanem
321 1643 388 1697 ante
410 1636 500 1714 pedes
521 1636 647 1714 hydrum
668 1637 810 1695 moritura
831 1632 927 1711 puella

143 1728 308 1779 servantem
329 1720 408 1796 ripas
430 1719 486 1778 alta
508 1737 567 1777 non
589 1719 658 1777 vidit
679 1720 708 1777 in
731 1718 832 1778 herba.

144 1810 172 1861 at
194 1802 302 1862 chorus
324 1801 452 1878 acquahs
474 1802 614 1878 dryadum
638 1801 765 1860 clamore
787 1816 940 1878 supremos

143 1885 301 1962 implerunt
322 1885 445 1952 montis;
489 1886 597 1954 sserunt
618 1884 806 1961 Rhodopeiae
828 1901 911 1943 arces

144 1968 258 2045 altaque
280 1968 414 2042 Pangaea
437 1975 465 2027 et
486 1968 575 2027 Rhesi
596 1967 734 2026 Mavortia
757 1967 841 2026 tellus

144 2059 231 2128 atque
254 2050 343 2111 Getae
365 2058 452 2129 atque
474 2051 591 2110 Hebrus
614 2058 642 2110 et
663 2051 758 2109 hotias
780 2049 918 2128 Orithyia.

144 2151 207 2211 ipse
230 2152 298 2193 cava
320 2133 417 2193 solans
438 2144 560 2210 aegrum
581 2133 726 2193 testudine
748 2150 879 2192 amorem

145 2224 188 2285 te,
212 2215 305 2276 dulcis
327 2219 469 2285 coniunx,
492 2226 521 2277 te
543 2216 605 2275 solo
627 2219 657 2275 in
678 2216 763 2275 litore
785 2234 893 2284 secum,

145 2309 174 2361 te
196 2302 329 2360 veniente
351 2301 411 2370 die,
434 2310 464 2361 te
486 2301 646 2360 decedente
668 2298 799 2358 canebat.

146 2383 303 2443 Taenarias
324 2385 410 2444 etiam
432 2384 544 2453 iauces,
568 2383 624 2442 alta
647 2384 718 2442 ostia
740 2383 820 2450 Ditis,

146 2474 175 2527 et
196 2467 367 2545 caligantem
388 2470 470 2546 nigra
492 2467 647 2527 formidine
669 2465 767 2526 lucum

146 2553 295 2627 ingressus
317 2553 467 2630 manisque
490 2551 559 2611 adiit
580 2567 739 2627 regemque
760 2548 944 2609 tremendum

147 2636 302 2714 nesciaque
324 2635 457 2695 humanis
479 2634 616 2712 precibus
636 2651 840 2693 mansuescere
863 2632 960 2693 corda.

148 2725 176 2777 at
198 2726 284 2778 cantu
306 2727 468 2778 commotae
490 2718 579 2777 Erebi
601 2718 636 2778 de
658 2717 775 2778 sedibus
796 2717 861 2776 imis

148 2800 269 2861 umbrae
290 2799 370 2858 ibant
391 2809 493 2859 tenues
514 2799 725 2876 simulacraque
746 2798 811 2858 luce
833 2806 992 2864 carentum,

148 2899 234 2959 quam
255 2880 345 2940 multa
366 2884 396 2940 in
418 2880 493 2940 soliis
513 2882 608 2940 avium
630 2900 661 2940 se
683 2881 759 2939 milia
780 2882 919 2951 condunt,

148 2981 251 3040 vesper
272 2962 322 3023 ubi
344 2972 394 3022 aut
414 2963 554 3022 hibernus
576 2964 634 3037 agit
656 2962 691 3022 de
713 2962 861 3022 montibus
882 2964 985 3032 imber,

149 3054 256 3106 matres
277 3053 363 3123 atque
385 3047 438 3105 viri
459 3045 651 3124 defunctaque
673 3063 798 3122 corpora
819 3048 875 3105 vita

149 3130 365 3206 magnanimum
386 3130 525 3198 heroum,
547 3129 631 3206 pueri
651 3129 846 3207 innuptaeque
868 3129 989 3206 puellae,

150 3214 331 3290 impositique
352 3214 431 3289 rogis
452 3214 570 3273 iuvenes
591 3218 657 3272 ante
679 3231 728 3272 ora
751 3220 921 3288 parentum:

148 3313 221 3373 quos
243 3298 353 3356 circum
374 3296 461 3356 limus
481 3298 565 3373 niger
587 3302 616 3356 et
637 3295 774 3355 deformis
796 3295 929 3355 harundo

150 3380 247 3457 Cocyti
268 3379 407 3459 tardaque
428 3379 511 3457 palus
532 3377 693 3439 inamabilis
713 3380 792 3439 unda

148 3461 259 3539 alligat,
284 3470 312 3522 et
333 3464 452 3524 noviens
474 3463 542 3539 Styx
563 3462 702 3522 interfusa
725 3468 849 3522 coercet.
