2400 3878
429 248 571 299 vuncnn
587 247 712 296 auuurs
728 247 763 295 vr
1052 232 1112 295 19⁷

94 408 291 488 procumbunt
311 408 429 487 piceae,
452 413 536 467 sonat
558 405 613 466 icta
637 401 789 464 securibus
811 401 867 464 ilex
1061 411 1112 467 18⁰

95 493 300 570 fraxineaeque
321 491 421 552 trabes
440 491 542 552 cuneis
565 497 593 550 et
612 486 699 550 fissile
715 486 807 549 robur

94 576 253 644 scinditur,
272 573 427 636 advolvunt
448 575 574 653 ingentis
595 571 744 634 montibus
766 589 864 633 ornos.

93 678 149 720 nec
170 677 229 719 non
248 660 359 720 Aeneas
381 676 471 737 opera
490 661 567 719 inter
585 656 651 718 talia
672 657 785 736 primus

94 744 227 804 hortatur
245 743 340 804 socios
362 742 542 822 paribusque
565 743 727 819 accingitur
749 740 848 801 armis.

94 834 181 905 atque
203 827 276 889 haee
297 828 359 906 ipse
379 844 432 886 suo
454 827 529 886 tristi
553 845 620 887 cum
642 825 732 887 corde
753 823 877 894 volutat,

94 917 247 989 aspectans
269 909 370 971 silvam
393 912 571 980 inmensam,
597 918 624 971 et
645 911 687 970 sic
708 909 784 970 forte
807 914 958 986 precatur:

95 997 134 1055 ‘si
156 1012 235 1056 nunc
254 1012 286 1057 se
307 993 393 1055 nobis
414 993 462 1055 ille
479 992 586 1056 aureus
609 993 716 1054 arbore
737 1011 837 1053 ramus

95 1079 229 1140 ostendat
249 1097 371 1140 nemore
392 1081 423 1138 in
445 1081 540 1139 tanto!
563 1078 680 1158 quando
704 1078 800 1138 omnia
820 1095 888 1137 vere

94 1163 150 1223 heu
172 1164 294 1223 nimium
314 1160 399 1223 dete
421 1171 515 1232 vates,
536 1162 661 1231 blisene,
684 1161 781 1223 locuta
803 1160 871 1222 est'

94 1247 140 1306 vix
160 1264 194 1306 ea
212 1247 287 1307 fatus
309 1254 388 1316 erat,
411 1247 545 1323 geminae
568 1265 636 1308 cum
659 1248 734 1306 forte
756 1243 909 1306 columbae

93 1330 156 1406 ipsa
178 1329 232 1390 sub
256 1347 307 1390 ora
329 1331 384 1390 viri
406 1329 486 1390 caelo
509 1349 617 1391 venere
637 1329 767 1390 volantes

95 1421 123 1473 et
143 1413 227 1474 viridi
245 1413 350 1474 sedere
371 1413 443 1473 solo.
488 1419 550 1474 tum
573 1416 717 1474 maximus
739 1414 827 1473 heros

96 1505 241 1556 maternas
263 1497 415 1573 adgnoscit
438 1514 503 1556 aves
526 1495 677 1574 laetusque
697 1503 850 1573 precatur:

95 1588 171 1641 ‘este
194 1580 284 1641 duces
309 1598 342 1650 o,
364 1581 446 1658 siqua
467 1579 513 1640 via
533 1585 590 1648 est,
614 1583 791 1658 cursumque
814 1597 867 1657 per
891 1597 977 1639 auras

95 1664 218 1740 derigite
239 1665 271 1724 in
291 1663 389 1733 lucos,
417 1662 469 1724 ubi
492 1664 632 1742 pinguem
653 1663 733 1739 dives
756 1672 860 1740 opacat

95 1763 195 1808 ramus
217 1748 350 1808 humum.
393 1754 486 1825 tuque
505 1765 522 1807 o
546 1746 641 1808 dubiis
662 1764 700 1807 ne
721 1746 813 1808 defice
836 1746 943 1812 rebus.

95 1832 158 1891 diva
180 1830 312 1908 parens’
356 1831 399 1891 sic
421 1830 523 1892 effatus
544 1831 665 1907 vestigia
685 1831 793 1908 pressit

95 1915 266 1984 observans,
291 1933 366 1995 quae
382 1916 465 1992 signa
487 1914 597 1984 ferant,
620 1932 677 1993 quo
699 1914 822 1976 tendere
843 1925 976 1994 pergant.

95 2004 248 2076 pascentes
269 1998 335 2059 illae
357 2006 470 2058 tantum
493 1998 615 2077 prodire
636 1997 777 2068 volando,

95 2089 235 2160 quantum
258 2084 320 2144 acie
341 2089 461 2162 possent
482 2082 559 2143 oculi
577 2100 697 2143 servare
719 2091 903 2162 sequentum.

93 2167 161 2227 inde
183 2165 232 2226 ubi
252 2184 359 2227 venere
378 2165 414 2226 ad
436 2167 535 2228 fauces
558 2183 646 2243 grave
668 2165 773 2227 olentis
790 2168 911 2235 Averni,

94 2248 199 2310 tollunt
222 2268 253 2310 se
277 2249 389 2311 celeres
407 2250 609 2330 liquidumque
630 2269 684 2328 per
704 2255 774 2312 aera
796 2250 894 2330 lapsae

94 2332 213 2393 sedibus
234 2335 339 2411 optatis
358 2337 474 2413 gemina
495 2352 586 2413 super
608 2333 716 2396 arbore
737 2335 851 2405 sidunt,

95 2415 222 2476 discolor
242 2417 321 2478 unde
343 2418 407 2477 auri
427 2435 481 2494 per
500 2435 598 2478 ramos
620 2436 691 2478 aura
715 2418 838 2479 refulsit.

95 2498 181 2577 quale
199 2497 273 2559 solet
295 2498 373 2559 silvis
391 2498 518 2561 brumali
539 2501 649 2577 frigore
671 2502 781 2562 viscum

96 2581 200 2643 fronde
222 2583 317 2643 virere
340 2599 429 2652 nova,
453 2583 531 2661 quod
553 2602 612 2643 non
635 2601 687 2644 sua
710 2586 833 2646 seminat
853 2587 955 2656 arbos,

96 2673 126 2726 et
147 2684 253 2726 croceo
277 2664 339 2727 fetu
361 2668 462 2727 teretis
484 2668 668 2728 circumdare
689 2675 828 2730 truncos:

95 2749 159 2810 talis
182 2755 245 2810 erat
262 2751 375 2828 species
396 2752 460 2811 auri
481 2751 643 2811 frondentis
665 2769 757 2830 opaca

95 2833 175 2902 ilice,
197 2834 238 2895 sic
260 2832 319 2895 leni
340 2834 503 2914 crepitabat
522 2833 635 2896 brattea
658 2843 753 2896 vento.

96 2919 216 2995 corripit
237 2919 350 2980 deneas
372 2917 520 2998 extemplo
539 2919 698 3000 avidusque
718 2921 853 2999 refringit

95 3011 297 3071 cunctantem,
320 3010 348 3063 et
370 3003 441 3062 vatis
460 3011 557 3080 portat
576 3005 630 3065 sub
655 3013 728 3066 tecta
751 3004 886 3084 Sibyllae.

137 3084 197 3145 Nec
220 3087 314 3147 minus
336 3087 447 3148 interea
472 3088 612 3150 llisenum
636 3090 665 3149 in
686 3088 772 3151 litore
793 3089 901 3150 'leucri

95 3169 203 3231 flebant
225 3178 255 3231 et
272 3171 365 3231 cineri
385 3171 500 3248 ingrato
520 3189 657 3252 suprema
679 3171 820 3234 ferebant.

96 3252 237 3335 principio
258 3253 396 3330 pinguem
414 3253 505 3316 taedis
527 3262 555 3318 et
575 3256 684 3317 robore
706 3264 785 3317 secto

95 3339 242 3413 ingentem
264 3345 397 3398 struxere
421 3355 536 3417 pyram,
559 3343 606 3402 cui
626 3337 779 3401 frondibus
800 3345 871 3404 atris
1048 3358 1114 3412 -tts

94 3423 228 3481 intexunt
248 3419 340 3481 latera
363 3428 391 3481 et
411 3421 509 3483 feralis
528 3433 595 3485 ante
615 3441 769 3504 cupressos

95 3506 288 3575 constituunt,
313 3504 512 3585 decorantque
532 3524 622 3587 super
646 3507 824 3586 fulgentibus
846 3530 944 3573 armis.
