2400 3878
130 198 193 260 tte
460 208 603 256 venerer
618 207 743 256 durrus
761 209 797 255 rx

130 365 284 425 amborum
307 374 335 426 et
356 363 464 425 toltum
484 362 612 424 lacrimis
634 371 721 443 atque
744 381 795 423 ora
818 358 954 440 rigabat)

129 458 220 528 ‘quae
241 447 331 519 vebis
355 465 430 525 quae
452 447 548 523 digna
571 448 633 517 viri,
655 464 710 525 pre
732 445 865 507 laudibus
888 443 953 503 istis

128 532 259 610 praemia
280 550 366 611 pesse
387 550 455 591 rear
476 530 570 590 solvil
591 529 791 609 pulcherrima
814 530 939 608 primum

129 615 159 675 di
179 633 335 694 moresque
358 613 469 675 dabunt
490 615 593 682 vesu·l;
616 623 678 674 tum
699 622 797 674 cetera
818 613 922 674 reddet

129 706 260 759 actutum
281 699 348 778 pius
370 700 485 759 deneas
507 706 593 776 atque
614 698 727 775 integer
750 697 812 757 aeri

127 782 277 851 Ascanius,
298 784 394 843 meriti
416 783 487 842 tanti
507 799 567 842 non
588 798 734 842 inmemor
755 782 914 859 umquam!

129 867 234 926 ‘imme
258 881 312 941 ego
332 885 391 934 ves,
416 866 463 925 cui
482 864 543 925 sela
563 863 641 925 salus
662 866 794 942 genitore
815 864 950 925 reducte'

128 950 235 1027 excipit
257 950 407 1015 Ascanius,
432 957 500 1026 ‘per
521 965 653 1025 magnes,
676 948 753 1016 Nise,
777 949 891 1027 penatis

128 1034 322 1109 Assaracique
344 1031 435 1092 larem
459 1042 487 1092 et
509 1049 598 1092 canae
621 1030 781 1108 penetralia
803 1030 907 1092 Vestae

130 1115 276 1184 obtestor3
300 1133 502 1194 quaecumque
524 1117 595 1175 mihi
617 1116 733 1175 fortuna
751 1116 882 1195 fidesque
900 1126 951 1185 est,

129 1201 159 1259 in
180 1201 283 1259 vestris
303 1216 381 1277 pono
404 1199 539 1276 gremiis:
561 1207 697 1259 revocate
718 1209 880 1276 parentem,

129 1283 242 1343 reddite
261 1290 466 1361 conspectum
488 1281 562 1343 nihil
584 1281 632 1341 illo
655 1284 738 1344 triste
761 1292 891 1362 recepte.

127 1364 197 1427 bina
217 1363 292 1426 dabo
311 1374 433 1442 argente
453 1365 585 1445 perlecta
608 1376 694 1444 atque
716 1385 820 1443 aspera
842 1367 931 1445 signis

129 1449 244 1528 pocula,
268 1451 379 1510 devicta
401 1450 516 1526 genitor
539 1467 613 1528 quae
635 1451 712 1527 cepit
733 1450 847 1519 Arisba,

130 1542 158 1594 et
176 1534 308 1612 tripodas
329 1534 469 1611 geminos,
493 1535 556 1593 auri
579 1533 636 1594 duo
659 1551 764 1612 magna
784 1533 899 1602 talenta,

128 1627 242 1678 cratera
261 1617 397 1687 anticum,
421 1635 508 1695 quem
530 1616 579 1677 dat
601 1617 718 1678 Sidonia
738 1618 819 1678 Dido.

128 1702 153 1760 si
174 1718 243 1761 vere
270 1719 376 1780 capere
396 1700 507 1761 ltaliam
528 1703 710 1779 sceptrisque
731 1703 819 1779 potiri

128 1785 283 1859 contigerit
304 1785 408 1844 victori
429 1794 457 1843 et
477 1784 605 1861 praedae
627 1784 725 1845 dicere
747 1792 865 1853 sortem,

130 1868 222 1926 uidisti
245 1885 302 1944 que
325 1868 442 1927 'furnus
466 1885 549 1944 eque,
573 1867 679 1945 quibus
701 1868 761 1929 ibat
783 1870 813 1928 in
834 1869 923 1928 armis

128 1968 249 2011 aureus:
272 1953 369 2028 ipsum
387 1950 477 2022 illum,
501 1950 626 2029 clipeum
646 1953 806 2031 cristasque
825 1951 958 2012 rubentis

128 2035 269 2103 excipiam
292 2035 373 2104 serti,
395 2035 453 2094 iam
475 2053 554 2095 nunc
576 2040 625 2095 tua
647 2035 787 2114 praemia,
809 2035 887 2095 Nise.

128 2135 280 2196 praeterea
299 2117 344 2177 bis
366 2136 417 2178 sex
440 2121 555 2194 genitor
575 2117 730 2180 lectissima
749 2127 877 2180 matrum

127 2218 252 2280 corpora
277 2202 463 2281 captivosque
481 2202 561 2263 dabit
577 2220 687 2281 suaque
709 2203 845 2263 omnihus
867 2220 958 2270 arma,

130 2286 250 2361 iusuper
271 2284 316 2344 his
337 2288 432 2362 campi
456 2285 534 2365 quod
555 2304 608 2347 rex
630 2286 719 2347 hahet
740 2288 804 2366 ipse
825 2287 951 2347 Latinus.

126 2377 156 2429 te
177 2386 255 2438 vere,
277 2386 341 2430 mea
359 2387 446 2446 quem
466 2371 567 2448 spatiis
588 2369 776 2449 propioribus
796 2378 875 2432 aetas

128 2454 300 2530 insequitur,
323 2453 487 2514 venerande
506 2473 589 2533 puer,
612 2455 670 2515 iam
691 2464 811 2534 pectore
832 2462 892 2514 teto

127 2536 239 2613 accipie
262 2545 289 2597 et
310 2538 444 2598 comitem
467 2555 552 2599 casus
575 2536 754 2615 complector
775 2539 806 2598 in
828 2537 931 2598 omnis.

128 2618 206 2679 nulla
225 2620 299 2680 meis
317 2621 379 2681 siue
400 2628 430 2682 te
452 2630 609 2699 quaeretur
631 2621 723 2698 gloria
749 2622 854 2689 rebus;

128 2722 182 2763 eeu
204 2721 306 2780 pacem
328 2721 381 2764 seu
403 2703 481 2766 bella
504 2723 613 2783 geram,
636 2704 690 2765 tibi
711 2707 836 2766 maxima
855 2721 955 2764 rerum

129 2785 344 2865 verborumque
365 2786 457 2848 fides!
490 2796 592 2848 centra
614 2807 701 2865 quem
723 2788 790 2848 talia
808 2789 886 2847 latur

129 2867 285 2947 Euryalus:
310 2877 371 2929 ‘me
391 2869 470 2929 nulla
491 2871 553 2931 dies
572 2879 632 2931 tam
650 2871 774 2930 sortibus
795 2871 872 2930 ausis

129 2950 298 3010 dissimilem
316 2953 460 3027 arguerit;
482 2959 609 3012 tantum:
631 2953 747 3011 iertuua
770 2952 896 3012 secunda

127 3042 177 3093 aut
198 3032 319 3093 adversa
341 3032 433 3094 cadat.
467 3035 519 3093 sed
541 3043 569 3094 te
591 3052 680 3112 super
702 3036 798 3095 emnia
816 3035 891 3094 dona

127 3133 218 3176 unum
240 3133 308 3177 ere:
329 3116 460 3195 genetrix
481 3117 590 3178 Priami
609 3118 644 3180 de
663 3127 749 3196 gente
771 3127 881 3178 vetusta

129 3207 172 3260 est
193 3199 273 3270 mihi,
297 3218 384 3280 quam
403 3200 541 3262 miseram
563 3203 656 3262 tenuit
673 3220 732 3262 non
754 3201 807 3263 llia
827 3201 912 3263 tellus
1086 3208 1139 3261 ‘zet

129 3302 245 3345 mecum
267 3285 464 3356 excedentem,
486 3303 546 3346 nen
568 3287 684 3348 moenia
703 3286 781 3364 regis
798 3290 928 3348 Acestae.

129 3367 205 3428 lianc
224 3384 278 3445 ego
298 3386 376 3432 nunc
393 3371 525 3447 ignaram
547 3371 633 3432 huius
656 3372 862 3450 quodcumque
886 3367 989 3450 pericli
1011 3378 1056 3430 est

129 3467 218 3530 tuque
240 3451 392 3515 salutatam
413 3453 534 3535 linquo:
558 3474 616 3516 nex
639 3469 667 3517 et
688 3466 738 3518 tua
761 3456 842 3516 testis
