2400 3878
418 216 559 264 vuaomr
581 217 706 266 auums
727 219 754 265 11
986 189 990 194 ’
1031 203 1091 266 123

78 372 150 452 ‚quid
169 372 241 432 iuris
262 378 312 433 aut
335 389 462 450 quonam
484 372 576 432 nostri
594 371 646 432 tibi
670 389 740 432 cura
762 370 901 432 recessiti
1041 382 1091 435 595

78 473 138 517 non
159 454 241 533 prius
261 454 398 532 aspicies,
418 454 469 515 ubi
491 454 601 516 sessum
623 461 715 516 aetate
733 461 885 533 parentem

77 539 197 616 liqueris
218 537 377 608 Anchisen,
398 545 518 615 superet
539 538 704 600 coniunxne
726 537 834 599 Creusa

78 621 276 700 Ascaniusque
297 621 388 699 pueri
411 640 485 698 quos
506 623 600 699 omnis
621 622 749 702 undique
772 622 876 682 Graiae

79 705 190 765 circum
213 712 313 765 errant
333 708 410 766 acies
431 714 474 776 et,
497 706 526 765 ni
544 722 609 767 mea
630 724 700 767 cura
720 707 849 774 resistat,

78 789 135 848 iam
155 787 289 849 ilammae
310 788 429 850 tulerint
449 790 583 850 inimicus
605 798 634 851 et
653 790 784 850 hauserit
806 789 891 850 ensis.

78 889 138 931 non
159 871 209 932 tibi
228 872 399 951 Tyndaridis
421 872 509 934 iacies
531 873 620 933 invisa
642 873 792 934 Lacaenae

79 953 245 1032 culpatusve
267 956 362 1024 Paris;
386 956 482 1016 divom
502 955 700 1028 inclementia,
721 956 832 1025 divom,

78 1039 130 1099 has
153 1040 254 1100 evertit
273 1057 344 1117 opes
367 1041 528 1119 sternitque
547 1057 564 1100 a
586 1039 712 1101 culmine
730 1039 857 1100 Troiam.

79 1122 175 1201 aspice
197 1123 332 1202 (namque
352 1141 484 1194 omnem,
507 1142 582 1202 quae
601 1142 680 1185 nunc
702 1124 829 1185 obducta
849 1124 940 1184 tuenti

78 1206 208 1266 mortalis
228 1205 445 1269 hebetat-visus
465 1208 518 1268 tibi
540 1216 569 1269 et
590 1209 688 1269 umida
712 1209 823 1268 circum

79 1289 196 1365 caligat,
215 1289 324 1350 nubem
345 1293 478 1368 eripiam;
499 1300 531 1352 tu
552 1311 647 1371 nequa
670 1292 800 1369 parentis

79 1374 156 1432 iussa
179 1373 248 1434 time
267 1391 325 1433 neu
346 1377 510 1452 praeceptis
532 1393 636 1452 parere
656 1377 786 1454 recusat:

79 1455 140 1525 hic,
162 1455 213 1516 ubi
238 1456 372 1515 disiectas
392 1457 484 1516 moles
505 1458 661 1536 avolsaque
683 1459 760 1517 saxis

77 1557 146 1599 saxa
168 1539 248 1598 vides
269 1541 418 1617 mixtoque
436 1539 595 1601 undantem
616 1539 736 1618 pulvere
759 1539 886 1607 sumum,

78 1622 231 1700 Neptunus
252 1640 352 1682 muros
374 1639 539 1701 magnoque
560 1631 655 1684 emota
677 1623 797 1684 tridenti

78 1705 266 1766 fundamenta
289 1707 380 1784 quatit
402 1713 551 1785 totamque
573 1726 589 1768 a
611 1706 731 1768 sedibus
752 1704 857 1767 urbem

78 1791 163 1851 eruit.
207 1790 256 1850 hio
275 1790 346 1849 luno
369 1789 474 1850 Scaeas
496 1791 661 1852 saevissima
681 1797 782 1868 portas

76 1874 171 1951 prima
192 1880 285 1942 tenet,
307 1874 477 1951 sociumque
500 1873 601 1935 iurans
620 1892 636 1934 a
659 1873 782 1935 navibus
803 1891 908 1952 agmen
934 1883 936 1887 ·

78 1957 157 2017 lerro
180 1959 308 2018 accincta
326 1965 418 2017 vocat.

76 2056 133 2100 ram
156 2058 284 2102 summas
306 2057 389 2101 arces
407 2041 536 2100 Tritonia
558 2041 690 2121 (respice)
712 2039 806 2101 Pallas

76 2123 195 2194 insedit,
214 2124 304 2184 limbo
327 2123 468 2200 effulgens
487 2132 516 2185 et
535 2125 672 2203 Gorgone
694 2142 787 2185 saeva.

76 2208 138 2284 ipse
156 2216 239 2286 pater
259 2208 364 2268 Danais
386 2209 498 2269 animos
518 2209 652 2287 viresque
673 2207 816 2269 secundas

76 2291 197 2360 suiflcit,
218 2292 280 2368 ipse
300 2291 370 2352 deos
392 2292 421 2351 in
443 2292 577 2353 Dardana
598 2293 718 2352 suscitat
739 2309 830 2352 arma.

77 2372 172 2450 eripe,
192 2380 274 2443 uate,
297 2375 410 2450 lugam,
433 2375 581 2453 finemque
598 2375 707 2453 inpone
728 2373 831 2435 labori.

77 2473 221 2534 nusquam
241 2455 331 2515 abero
353 2465 382 2516 et
403 2463 497 2516 tutum
514 2459 609 2533 patrio
631 2466 661 2517 te
682 2457 781 2517 limine
804 2457 931 2518 sistam'

78 2537 204 2605 dixerat,
229 2544 258 2598 et
278 2539 377 2615 spissis
396 2540 489 2597 noctis
510 2556 541 2598 se
564 2538 691 2599 condidit
710 2538 832 2601 umbris

78 2626 220 2698 apparent
242 2619 323 2680 dirae
344 2620 432 2680 iacies
450 2621 625 2698 inimicaque
647 2621 752 2680 Troiae

77 2704 197 2764 numina
219 2720 324 2782 magna
346 2702 443 2764 deum.

119 2786 194 2850 Turn
216 2805 286 2848 vero
308 2804 396 2848 omne
415 2786 486 2847 mihi
508 2788 600 2847 visum
623 2787 824 2849 considerem
847 2788 921 2865 ignis

76 2869 160 2934 [lium
183 2877 213 2932 et
234 2871 349 2933 eximo
371 2872 444 2932 verti
465 2870 610 2948 Neptunia
631 2870 734 2940 Troia;
922 2933 923 2936 ,

77 2973 111 3016 ac
132 2953 220 3017 veluti
240 2955 361 3016 summis
381 2957 528 3034 antiquam
550 2955 579 3014 iu
598 2955 746 3016 montibus
766 2974 871 3017 ornum

78 3057 144 3100 cum
166 3040 246 3099 ferro
266 3040 392 3100 accisam
413 3037 585 3117 crebrisque
605 3038 781 3116 bipennibus
796 3041 905 3101 instant

77 3140 182 3183 eruere
203 3121 348 3202 agricolae
370 3123 518 3190 certatim,
540 3121 589 3183 illa
609 3141 704 3201 usque
724 3126 850 3186 urinatur

77 3213 107 3266 et
127 3205 299 3268 uenefaota
327 3223 442 3268 comam
470 3223 613 3268 concusso
634 3208 742 3268 vertice
763 3214 860 3276 nutat,

78 3286 245 3349 volneribus
263 3288 356 3351 donec
379 3288 518 3369 paulatim
541 3291 632 3351 evicta
651 3307 823 3367 supremum

77 3373 243 3449 congemuit
264 3376 409 3452 traxitque
431 3375 506 3451 iugis
528 3373 625 3434 avolsa
643 3374 767 3433 ruinam.
820 3372 824 3376 '

77 3455 238 3524 descendo,
257 3473 292 3517 ao
315 3456 440 3518 ducente
461 3457 516 3519 deo
538 3457 685 3518 flammam
705 3458 780 3518 inter
804 3464 831 3518 et
852 3458 944 3518 hostis
