2454 3936
197 200 200 205 ’
237 208 296 270 120
572 216 714 264 venenu
736 215 860 264 anums
884 218 909 264 n

233 384 362 442 aeratos;
384 374 500 451 iamque
521 372 617 434 excisa
640 370 723 431 trabe
744 371 828 430 firma
851 384 958 432 cavant

232 456 340 517 robora
362 464 391 517 et
412 458 558 532 ingentem
577 455 634 515 lato
657 455 735 515 dedit
757 473 809 515 ore
829 456 996 516 fenestram.

231 549 353 618 apparet
372 540 475 600 domus
498 541 575 600 intus
597 546 626 598 et
646 540 717 598 atria
737 538 824 615 longa
845 548 1013 617 patescunt,

232 633 374 702 apparent
395 623 501 684 Priami
525 634 552 683 et
574 631 703 682 veterum
725 620 885 699 penetralia
907 641 1026 702 regum,

231 718 417 785 armatosque
439 708 536 768 vident
555 707 657 767 stantis
679 708 709 766 in
729 705 829 766 limine
850 706 955 784 primo.

272 795 309 852 at
331 792 435 851 domus
456 793 578 851 interior
599 791 707 868 gemitu
728 791 895 868 miseroque
913 789 1039 851 tumultu

231 876 384 943 miscetur,
408 877 583 953 penitusque
605 892 692 934 cavae
713 873 904 952 plangoribus
927 874 1014 935 aedes

231 959 363 1019 femineis
386 957 511 1026 ululant;
536 958 602 1018 ierit
624 975 711 1017 aurea
734 958 829 1017 sidera
852 957 971 1019 clamor.

231 1051 292 1102 tum
313 1041 434 1117 pavidae
456 1043 540 1102 tectis
560 1051 667 1101 matres
688 1041 855 1117 ingentibus
878 1049 992 1112 errant,

230 1126 439 1204 amplexaeque
461 1134 560 1185 tenent
581 1134 681 1203 postes
703 1133 790 1202 atque
808 1123 908 1185 oscula
930 1127 1032 1204 figunt.

230 1211 316 1268 instat
342 1211 369 1267 vi
393 1210 484 1288 patria
506 1209 650 1287 Pyrrhus:
674 1227 728 1269 nec
752 1209 878 1269 claustra
902 1226 958 1269 nec
979 1210 1034 1287 ipsi

230 1293 366 1353 custodes
388 1293 512 1352 sniierre
534 1292 645 1359 valent;
668 1291 746 1351 labat
768 1294 858 1352 ariete
881 1292 987 1352 crebro

230 1377 329 1447 ianua,
351 1384 380 1438 et
400 1377 487 1437 emoti
506 1375 704 1454 procumbunt
726 1376 844 1436 cardine
865 1385 977 1453 postes:

229 1461 261 1521 iit
280 1463 324 1521 via
345 1463 387 1529 vi;
411 1467 552 1537 rumpunt
572 1460 665 1521 aditus
687 1462 856 1538 primosque
877 1460 1026 1522 trucidant

230 1546 350 1604 immissi
373 1544 462 1604 [lanai
485 1553 512 1604 et
533 1544 590 1605 late
611 1544 675 1605 loca
698 1543 787 1605 milite
811 1544 967 1621 complent.

231 1647 288 1688 non
310 1630 366 1698 sic,
390 1628 546 1706 aggeribus
568 1631 662 1706 ruptis
683 1648 749 1689 cum
770 1646 910 1706 spumeus
931 1630 1023 1689 amnis

230 1713 288 1771 exit
308 1715 514 1789 oppositasque
508 1712 620 1795 jmcit
641 1715 757 1789 gurgite
779 1712 885 1782 moles,

230 1795 322 1854 fertur
341 1797 371 1854 in
392 1813 458 1854 arva
483 1794 585 1854 iurens
605 1794 721 1854 cumulo
744 1813 921 1874 camposque
942 1813 996 1873 per
1019 1797 1112 1856 omnis

229 1897 295 1937 cum
318 1878 440 1938 stabulis
462 1885 593 1937 armenta
616 1879 713 1937 traliit.
758 1879 814 1938 vidi
836 1881 898 1956 ipse
921 1879 1066 1940 iurentem

229 1962 319 2022 caede
344 1961 567 2038 Neoptolemum
590 1963 779 2040 geminosque
800 1965 829 2023 in
852 1962 1100 2038 limineJltridas,
1192 1977 1221 2027 5·

229 2045 284 2105 vidi
296 2044 457 2127 *Hecubam
481 2054 658 2123 centumque
678 2064 771 2106 nurus
780 2034 998 2126 'Priamumque
1019 2065 1073 2126 per
1095 2063 1160 2106 aras

227 2131 368 2206 sanguine
391 2128 555 2189 foedantem
575 2148 648 2208 quos
670 2132 732 2207 ipse
750 2138 916 2191 sacraverat
935 2132 1020 2208 ignis.

228 2214 438 2291 quinquaginta
458 2212 498 2272 illi
521 2213 652 2283 thalami,
675 2232 743 2290 spes
761 2215 855 2293 ampla
876 2224 1031 2292 nepotum,

226 2296 383 2357 barbarico
405 2304 504 2374 postes
526 2316 597 2357 auro
619 2297 776 2377 spoliisque
794 2299 914 2378 superbi

227 2380 430 2458 prooubuere;
455 2388 554 2440 tenent
576 2382 680 2452 Danal,
703 2401 760 2461 qua
783 2383 878 2445 deficit
900 2385 1040 2462 ignisar

268 2465 403 2526 Forsitan
426 2471 453 2525 et
476 2465 584 2524 Priami
602 2466 710 2527 luerint
732 2469 884 2546 quassata
906 2469 1049 2546 requiras.
1147 2541 1151 2546 ¹

227 2548 308 2609 urbis
328 2551 371 2609 uti
389 2556 491 2628 captae
514 2568 614 2611 casum
636 2552 831 2630 convolsaque
850 2553 920 2613 vidit

227 2631 324 2693 limina
348 2641 492 2693 tectorum
514 2641 543 2694 et
564 2635 693 2696 medium
715 2637 745 2695 in
765 2636 965 2712 penetralibus
985 2636 1114 2702 hostem.

226 2734 306 2775 arma
329 2717 378 2777 diu
402 2718 500 2777 senior
519 2718 639 2779 desueta
662 2719 854 2780 trementibus
875 2738 945 2780 aevo

225 2801 387 2859 circumdat
408 2802 586 2876 nequiquam
609 2801 718 2860 umeris
739 2811 767 2861 et
788 2801 890 2861 inutile
912 2803 1023 2861 ferrum
1191 2817 1207 2865 5

226 2883 351 2957 cingitur
372 2900 406 2941 ao
425 2881 531 2941 densos
554 2881 647 2942 fertur
669 2884 829 2943 moriturus
851 2885 880 2941 in
902 2884 1003 2942 hostis.

226 2963 346 3023 aedibus
368 2965 398 3023 in
416 2963 520 3023 mediis
538 2964 676 3041 nudoque
696 2964 751 3025 sub
773 2965 900 3026 aetheris
924 2984 977 3025 axe

225 3047 328 3122 ingens
346 3066 397 3107 ora
417 3046 471 3106 fuit
488 3047 627 3125 iuxtaque
647 3049 803 3110 veterrima
824 3048 939 3119 laurus,

225 3130 398 3191 incumbens
420 3146 489 3191 arae
510 3138 598 3208 atque
620 3131 724 3192 umbra
747 3131 898 3210 complexa
918 3141 1047 3212 penates.

225 3213 272 3273 hic
294 3213 415 3275 Hecuba
436 3222 465 3275 et
484 3222 568 3275 natae
590 3217 767 3295 nequiquam
786 3215 886 3278 altaria
910 3221 1034 3284 circum,
1190 3233 1206 3282 5

224 3300 398 3376 praecipites
420 3306 483 3360 atra
505 3318 559 3361 ceu
578 3309 750 3379 tempestate
772 3302 939 3374 columbae,

224 3382 389 3443 condensae
411 3391 440 3443 et
461 3383 557 3445 divom
580 3384 730 3462 amplexae
754 3385 909 3446 simulacra
931 3385 1079 3448 sedebant.

221 3462 320 3542 ipsum
342 3476 439 3528 autem
460 3471 583 3547 sumptis
605 3471 755 3532 Priamum
774 3471 955 3533 iuvenalibus
981 3473 1069 3532 armis
