<?xml version="1.0" encoding="UTF-8"?>
<!DOCTYPE html PUBLIC "-//W3C//DTD XHTML 1.0 Transitional//EN"
    "http://www.w3.org/TR/xhtml1/DTD/xhtml1-transitional.dtd">
<html xmlns="http://www.w3.org/1999/xhtml" xml:lang="en" lang="en">
 <head>
  <title>
</title>
<meta http-equiv="Content-Type" content="text/html;charset=utf-8" />
  <meta name='ocr-system' content='tesseract 3.04.00' />
  <meta name='ocr-capabilities' content='ocr_page ocr_carea ocr_par ocr_line ocrx_word'/>
</head>
<body>
  <div class='ocr_page' id='page_1' title='image "./operainusumscho00virggoog_0286.png"; bbox 0 0 2400 3878; ppageno 0'>
   <div class='ocr_carea' id='block_1_1' title="bbox 153 242 843 305">
    <p class='ocr_par' dir='ltr' id='par_1_1' title="bbox 153 242 843 305">
     <span class='ocr_line' id='line_1_1' title="bbox 153 242 843 305; baseline -0.009 -1"><span class='ocrx_word' id='word_1_1' title='bbox 153 242 217 305; x_wconf 78' lang='lat'><strong>246</strong></span> <span class='ocrx_word' id='word_1_2' title='bbox 481 249 622 298; x_wconf 79' lang='lat' dir='ltr'><strong>vneoxm</strong></span> <span class='ocrx_word' id='word_1_3' title='bbox 636 247 762 297; x_wconf 76' lang='lat' dir='ltr'><strong>muers</strong></span> <span class='ocrx_word' id='word_1_4' title='bbox 779 248 843 298; x_wconf 89' lang='lat' dir='ltr'><strong>vnx</strong></span> 
     </span>
    </p>
   </div>
   <div class='ocr_carea' id='block_1_2' title="bbox 148 403 1168 3332">
    <p class='ocr_par' dir='ltr' id='par_1_2' title="bbox 152 403 1029 1234">
     <span class='ocr_line' id='line_1_2' title="bbox 154 403 859 486; baseline -0.011 -15"><span class='ocrx_word' id='word_1_5' title='bbox 154 408 287 471; x_wconf 84' lang='lat' dir='ltr'><strong>faucibus</strong></span> <span class='ocrx_word' id='word_1_6' title='bbox 307 409 455 486; x_wconf 77' lang='lat' dir='ltr'><strong>ingentem</strong></span> <span class='ocrx_word' id='word_1_7' title='bbox 474 405 588 467; x_wconf 91' lang='lat' dir='ltr'><strong>fumum</strong></span> <span class='ocrx_word' id='word_1_8' title='bbox 608 403 752 483; x_wconf 88' lang='lat' dir='ltr'><strong>(mirabile</strong></span> <span class='ocrx_word' id='word_1_9' title='bbox 771 403 859 483; x_wconf 88' lang='lat' dir='ltr'><strong>dictu)</strong></span> 
     </span>
     <span class='ocr_line' id='line_1_3' title="bbox 154 487 857 569; baseline -0.01 -15"><span class='ocrx_word' id='word_1_10' title='bbox 154 493 262 555; x_wconf 86' lang='lat' dir='ltr'><strong>evomit</strong></span> <span class='ocrx_word' id='word_1_11' title='bbox 282 490 457 569; x_wconf 86' lang='lat' dir='ltr'><strong>involvitque</strong></span> <span class='ocrx_word' id='word_1_12' title='bbox 478 489 599 551; x_wconf 91' lang='lat' dir='ltr'><strong>domum</strong></span> <span class='ocrx_word' id='word_1_13' title='bbox 620 487 744 564; x_wconf 81' lang='lat' dir='ltr'><strong>caligine</strong></span> <span class='ocrx_word' id='word_1_14' title='bbox 761 505 857 557; x_wconf 88' lang='lat' dir='ltr'><strong>caeca,</strong></span> 
     </span>
     <span class='ocr_line' id='line_1_4' title="bbox 152 570 1029 656; baseline -0.006 -20"><span class='ocrx_word' id='word_1_15' title='bbox 152 583 343 656; x_wconf 85' lang='lat' dir='ltr'><strong>prospectum</strong></span> <span class='ocrx_word' id='word_1_16' title='bbox 365 575 493 652; x_wconf 86' lang='lat' dir='ltr'><strong>eripiens</strong></span> <span class='ocrx_word' id='word_1_17' title='bbox 515 572 616 640; x_wconf 91' lang='lat' dir='ltr'><strong>oculis,</strong></span> <span class='ocrx_word' id='word_1_18' title='bbox 643 571 845 650; x_wconf 77' lang='lat' dir='ltr'><strong>glomeratque</strong></span> <span class='ocrx_word' id='word_1_19' title='bbox 866 570 921 632; x_wconf 93' lang='lat' dir='ltr'><strong>sub</strong></span> <span class='ocrx_word' id='word_1_20' title='bbox 944 578 1029 631; x_wconf 74' lang='lat' dir='ltr'><strong>anno</strong></span> 
     </span>
     <span class='ocr_line' id='line_1_5' title="bbox 152 655 888 733; baseline -0.007 -12"><span class='ocrx_word' id='word_1_21' title='bbox 152 659 320 721; x_wconf 74' lang='lat' dir='ltr'><strong>fumiferam</strong></span> <span class='ocrx_word' id='word_1_22' title='bbox 340 666 457 718; x_wconf 91' lang='lat' dir='ltr'><strong>noctem</strong></span> <span class='ocrx_word' id='word_1_23' title='bbox 476 657 640 718; x_wconf 79' lang='lat' dir='ltr'><strong>commixtis</strong></span> <span class='ocrx_word' id='word_1_24' title='bbox 661 657 729 733; x_wconf 83' lang='lat' dir='ltr'><strong>igno</strong></span> <span class='ocrx_word' id='word_1_25' title='bbox 749 655 888 716; x_wconf 83' lang='lat' dir='ltr'><strong>tenebris.</strong></span> 
     </span>
     <span class='ocr_line' id='line_1_6' title="bbox 152 739 945 818; baseline -0.006 -14"><span class='ocrx_word' id='word_1_26' title='bbox 152 761 213 804; x_wconf 89' lang='lat' dir='ltr'><strong>non</strong></span> <span class='ocrx_word' id='word_1_27' title='bbox 235 741 299 803; x_wconf 90' lang='lat' dir='ltr'><strong>tulit</strong></span> <span class='ocrx_word' id='word_1_28' title='bbox 320 740 435 802; x_wconf 76' lang='lat' dir='ltr'><strong>Alcides</strong></span> <span class='ocrx_word' id='word_1_29' title='bbox 456 741 559 801; x_wconf 87' lang='lat' dir='ltr'><strong>animis</strong></span> <span class='ocrx_word' id='word_1_30' title='bbox 580 758 671 818; x_wconf 88' lang='lat' dir='ltr'><strong>seque</strong></span> <span class='ocrx_word' id='word_1_31' title='bbox 691 740 754 817; x_wconf 87' lang='lat' dir='ltr'><strong>ipse</strong></span> <span class='ocrx_word' id='word_1_32' title='bbox 774 739 945 818; x_wconf 76' lang='lat' dir='ltr'><strong>perignem</strong></span> 
     </span>
     <span class='ocr_line' id='line_1_7' title="bbox 152 822 995 986; baseline -0.004 -16"><span class='ocrx_word' id='word_1_33' title='bbox 152 822 902 986; x_wconf 47' lang='lat' dir='ltr'><strong>mrpqqttqqqffiqfiequlngqqrqqqquqnngm</strong></span> <span class='ocrx_word' id='word_1_34' title='bbox 922 915 995 967; x_wconf 84' lang='lat' dir='ltr'><strong>atra.</strong></span> 
     </span>
     <span class='ocr_line' id='line_1_8' title="bbox 152 990 956 1054; baseline -0.004 0"><span class='ocrx_word' id='word_1_35' title='bbox 152 993 201 1054; x_wconf 92' lang='lat' dir='ltr'><strong>hic</strong></span> <span class='ocrx_word' id='word_1_36' title='bbox 223 994 330 1054; x_wconf 86' lang='lat' dir='ltr'><strong>Cacum</strong></span> <span class='ocrx_word' id='word_1_37' title='bbox 349 992 380 1053; x_wconf 91' lang='lat' dir='ltr'><strong>in</strong></span> <span class='ocrx_word' id='word_1_38' title='bbox 400 992 531 1052; x_wconf 90' lang='lat' dir='ltr'><strong>tenebris</strong></span> <span class='ocrx_word' id='word_1_39' title='bbox 551 990 686 1051; x_wconf 89' lang='lat' dir='ltr'><strong>incendia</strong></span> <span class='ocrx_word' id='word_1_40' title='bbox 702 1008 775 1050; x_wconf 92' lang='lat' dir='ltr'><strong>vana</strong></span> <span class='ocrx_word' id='word_1_41' title='bbox 789 997 956 1051; x_wconf 89' lang='lat' dir='ltr'><strong>vomentem</strong></span> 
     </span>
     <span class='ocr_line' id='line_1_9' title="bbox 153 1074 978 1221; baseline 0 -86"><span class='ocrx_word' id='word_1_42' title='bbox 153 1077 329 1221; x_wconf 50' lang='lat' dir='ltr'><strong>fflpw</strong></span> <span class='ocrx_word' id='word_1_43' title='bbox 349 1075 460 1220; x_wconf 52' lang='grc' dir='ltr'><strong>ηοὲἰιυιι]</strong></span> <span class='ocrx_word' id='word_1_44' title='bbox 483 1074 701 1172; x_wconf 30' lang='grc' dir='ltr'><strong>οοωρίειυειοῑ</strong></span> <span class='ocrx_word' id='word_1_45' title='bbox 723 1076 803 1219; x_wconf 59' lang='lat' dir='ltr'><strong>anqqt</strong></span> <span class='ocrx_word' id='word_1_46' title='bbox 821 1074 978 1136; x_wconf 74' lang='lat' dir='ltr'><strong>inhaerens</strong></span> 
     </span>
     <span class='ocr_line' id='line_1_10' title="bbox 226 1176 836 1234; baseline 0 -16"><span class='ocrx_word' id='word_1_47' title='bbox 226 1177 240 1218; x_wconf 90' lang='lat' dir='ltr'><strong>s</strong></span> <span class='ocrx_word' id='word_1_48' title='bbox 329 1176 364 1219; x_wconf 91' lang='lat' dir='ltr'><strong>os</strong></span> <span class='ocrx_word' id='word_1_49' title='bbox 432 1176 543 1220; x_wconf 81' lang='lat' dir='ltr'><strong>saccum</strong></span> <span class='ocrx_word' id='word_1_50' title='bbox 564 1176 706 1234; x_wconf 79' lang='lat' dir='ltr'><strong>sanguine</strong></span> <span class='ocrx_word' id='word_1_51' title='bbox 746 1177 766 1218; x_wconf 93' lang='lat' dir='ltr'><strong>u</strong></span> <span class='ocrx_word' id='word_1_52' title='bbox 789 1176 836 1219; x_wconf 84' lang='lat' dir='ltr'><strong>m.</strong></span> 
     </span>
    </p>

    <p class='ocr_par' dir='ltr' id='par_1_3' title="bbox 148 1177 1040 2750">
     <span class='ocr_line' id='line_1_11' title="bbox 148 1177 951 1322; baseline -0.005 -17"><span class='ocrx_word' id='word_1_53' title='bbox 148 1243 290 1322; x_wconf 90' lang='lat' dir='ltr'><strong>panditur</strong></span> <span class='ocrx_word' id='word_1_54' title='bbox 312 1241 459 1320; x_wconf 79' lang='lat' dir='ltr'><strong>extempio</strong></span> <span class='ocrx_word' id='word_1_55' title='bbox 478 1240 593 1304; x_wconf 83' lang='lat' dir='ltr'><strong>loribus</strong></span> <span class='ocrx_word' id='word_1_56' title='bbox 610 1242 715 1303; x_wconf 92' lang='lat' dir='ltr'><strong>domus</strong></span> <span class='ocrx_word' id='word_1_57' title='bbox 726 1177 800 1303; x_wconf 74' lang='lat' dir='ltr'><strong>gatra</strong></span> <span class='ocrx_word' id='word_1_58' title='bbox 820 1240 951 1310; x_wconf 84' lang='lat' dir='ltr'><strong>revolsis,</strong></span> 
     </span>
     <span class='ocr_line' id='line_1_12' title="bbox 151 1325 857 1407; baseline -0.003 -18"><span class='ocrx_word' id='word_1_59' title='bbox 151 1326 376 1405; x_wconf 80' lang='lat' dir='ltr'><strong>abstractaeque</strong></span> <span class='ocrx_word' id='word_1_60' title='bbox 398 1325 488 1387; x_wconf 88' lang='lat' dir='ltr'><strong>boves</strong></span> <span class='ocrx_word' id='word_1_61' title='bbox 510 1325 722 1405; x_wconf 77' lang='lat' dir='ltr'><strong>abiurataeque</strong></span> <span class='ocrx_word' id='word_1_62' title='bbox 737 1327 857 1407; x_wconf 86' lang='lat' dir='ltr'><strong>rapinae</strong></span> 
     </span>
     <span class='ocr_line' id='line_1_13' title="bbox 152 1409 951 1490; baseline -0.004 -19"><span class='ocrx_word' id='word_1_63' title='bbox 152 1410 234 1471; x_wconf 88' lang='lat' dir='ltr'><strong>caelo</strong></span> <span class='ocrx_word' id='word_1_64' title='bbox 256 1409 458 1479; x_wconf 76' lang='lat' dir='ltr'><strong>ostenduntur,</strong></span> <span class='ocrx_word' id='word_1_65' title='bbox 475 1411 659 1490; x_wconf 73' lang='lat' dir='ltr'><strong>pedibusque</strong></span> <span class='ocrx_word' id='word_1_66' title='bbox 681 1410 807 1471; x_wconf 81' lang='lat' dir='ltr'><strong>informe</strong></span> <span class='ocrx_word' id='word_1_67' title='bbox 825 1409 951 1472; x_wconf 87' lang='lat' dir='ltr'><strong>cadaver</strong></span> 
     </span>
     <span class='ocr_line' id='line_1_14' title="bbox 151 1492 902 1574; baseline -0.001 -19"><span class='ocrx_word' id='word_1_68' title='bbox 151 1494 343 1574; x_wconf 81' lang='lat' dir='ltr'><strong>protrahitur.</strong></span> <span class='ocrx_word' id='word_1_69' title='bbox 379 1503 529 1572; x_wconf 87' lang='lat' dir='ltr'><strong>nequeunt</strong></span> <span class='ocrx_word' id='word_1_70' title='bbox 549 1495 661 1574; x_wconf 85' lang='lat' dir='ltr'><strong>expleri</strong></span> <span class='ocrx_word' id='word_1_71' title='bbox 683 1494 773 1556; x_wconf 85' lang='lat' dir='ltr'><strong>corda</strong></span> <span class='ocrx_word' id='word_1_72' title='bbox 792 1492 902 1555; x_wconf 89' lang='lat' dir='ltr'><strong>tuendo</strong></span> 
     </span>
     <span class='ocr_line' id='line_1_15' title="bbox 151 1576 839 1657; baseline 0 -19"><span class='ocrx_word' id='word_1_73' title='bbox 151 1576 293 1638; x_wconf 85' lang='lat' dir='ltr'><strong>terribilis</strong></span> <span class='ocrx_word' id='word_1_74' title='bbox 315 1576 424 1649; x_wconf 84' lang='lat' dir='ltr'><strong>oculos,</strong></span> <span class='ocrx_word' id='word_1_75' title='bbox 447 1577 556 1640; x_wconf 90' lang='lat' dir='ltr'><strong>voltum</strong></span> <span class='ocrx_word' id='word_1_76' title='bbox 576 1577 733 1657; x_wconf 89' lang='lat' dir='ltr'><strong>villosaque</strong></span> <span class='ocrx_word' id='word_1_77' title='bbox 752 1579 839 1639; x_wconf 89' lang='lat' dir='ltr'><strong>saetis</strong></span> 
     </span>
     <span class='ocr_line' id='line_1_16' title="bbox 151 1660 956 1743; baseline -0.001 -21"><span class='ocrx_word' id='word_1_78' title='bbox 151 1669 273 1740; x_wconf 83' lang='lat' dir='ltr'><strong>pectora</strong></span> <span class='ocrx_word' id='word_1_79' title='bbox 294 1662 422 1722; x_wconf 81' lang='lat' dir='ltr'><strong>semiferi</strong></span> <span class='ocrx_word' id='word_1_80' title='bbox 442 1671 531 1743; x_wconf 87' lang='lat' dir='ltr'><strong>atque</strong></span> <span class='ocrx_word' id='word_1_81' title='bbox 551 1665 693 1725; x_wconf 87' lang='lat' dir='ltr'><strong>extinctos</strong></span> <span class='ocrx_word' id='word_1_82' title='bbox 715 1661 849 1723; x_wconf 84' lang='lat' dir='ltr'><strong>faucibus</strong></span> <span class='ocrx_word' id='word_1_83' title='bbox 869 1660 956 1739; x_wconf 79' lang='lat' dir='ltr'><strong>ignis.</strong></span> 
     </span>
     <span class='ocr_line' id='line_1_17' title="bbox 154 1743 873 1825; baseline 0 -20"><span class='ocrx_word' id='word_1_84' title='bbox 154 1743 259 1805; x_wconf 90' lang='lat' dir='ltr'><strong>exilio</strong></span> <span class='ocrx_word' id='word_1_85' title='bbox 283 1744 449 1807; x_wconf 87' lang='lat' dir='ltr'><strong>celebratus</strong></span> <span class='ocrx_word' id='word_1_86' title='bbox 469 1747 573 1818; x_wconf 93' lang='lat' dir='ltr'><strong>honos,</strong></span> <span class='ocrx_word' id='word_1_87' title='bbox 597 1747 724 1825; x_wconf 90' lang='lat' dir='ltr'><strong>laetique</strong></span> <span class='ocrx_word' id='word_1_88' title='bbox 743 1746 873 1806; x_wconf 89' lang='lat' dir='ltr'><strong>minores</strong></span> 
     </span>
     <span class='ocr_line' id='line_1_18' title="bbox 152 1828 872 1911; baseline 0.004 -25"><span class='ocrx_word' id='word_1_89' title='bbox 152 1845 305 1889; x_wconf 89' lang='lat' dir='ltr'><strong>servavere</strong></span> <span class='ocrx_word' id='word_1_90' title='bbox 327 1828 414 1900; x_wconf 74' lang='lat' dir='ltr'><strong>diem</strong></span> <span class='ocrx_word' id='word_1_91' title='bbox 436 1833 607 1911; x_wconf 89' lang='lat' dir='ltr'><strong>primusque</strong></span> <span class='ocrx_word' id='word_1_92' title='bbox 628 1829 751 1890; x_wconf 87' lang='lat' dir='ltr'><strong>Potitius</strong></span> <span class='ocrx_word' id='word_1_93' title='bbox 769 1839 872 1890; x_wconf 78' lang='lat' dir='ltr'><strong>auctor</strong></span> 
     </span>
     <span class='ocr_line' id='line_1_19' title="bbox 153 1911 827 1991; baseline -0.003 -17"><span class='ocrx_word' id='word_1_94' title='bbox 153 1919 182 1974; x_wconf 88' lang='lat' dir='ltr'><strong>et</strong></span> <span class='ocrx_word' id='word_1_95' title='bbox 201 1911 307 1974; x_wconf 91' lang='lat' dir='ltr'><strong>domus</strong></span> <span class='ocrx_word' id='word_1_96' title='bbox 326 1913 462 1974; x_wconf 90' lang='lat' dir='ltr'><strong>llerculei</strong></span> <span class='ocrx_word' id='word_1_97' title='bbox 484 1923 583 1976; x_wconf 90' lang='lat' dir='ltr'><strong>custos</strong></span> <span class='ocrx_word' id='word_1_98' title='bbox 603 1913 719 1991; x_wconf 84' lang='lat' dir='ltr'><strong>Pinara</strong></span> <span class='ocrx_word' id='word_1_99' title='bbox 740 1915 827 1974; x_wconf 91' lang='lat' dir='ltr'><strong>sacri.</strong></span> 
     </span>
     <span class='ocr_line' id='line_1_20' title="bbox 152 1996 937 2078; baseline 0 -21"><span class='ocrx_word' id='word_1_100' title='bbox 152 1996 230 2058; x_wconf 87' lang='lat' dir='ltr'><strong>hanc</strong></span> <span class='ocrx_word' id='word_1_101' title='bbox 250 2015 332 2058; x_wconf 89' lang='lat' dir='ltr'><strong>aram</strong></span> <span class='ocrx_word' id='word_1_102' title='bbox 349 1997 415 2058; x_wconf 90' lang='lat' dir='ltr'><strong>luco</strong></span> <span class='ocrx_word' id='word_1_103' title='bbox 436 2000 543 2068; x_wconf 85' lang='lat' dir='ltr'><strong>statuit,</strong></span> <span class='ocrx_word' id='word_1_104' title='bbox 567 2017 641 2078; x_wconf 87' lang='lat' dir='ltr'><strong>quae</strong></span> <span class='ocrx_word' id='word_1_105' title='bbox 663 2015 800 2059; x_wconf 79' lang='lat' dir='ltr'><strong>muuma</strong></span> <span class='ocrx_word' id='word_1_106' title='bbox 820 2014 937 2076; x_wconf 88' lang='lat' dir='ltr'><strong>semper</strong></span> 
     </span>
     <span class='ocr_line' id='line_1_21' title="bbox 156 2079 901 2162; baseline 0.001 -22"><span class='ocrx_word' id='word_1_107' title='bbox 156 2080 267 2141; x_wconf 83' lang='lat' dir='ltr'><strong>dicetur</strong></span> <span class='ocrx_word' id='word_1_108' title='bbox 289 2079 374 2142; x_wconf 90' lang='lat' dir='ltr'><strong>nobis</strong></span> <span class='ocrx_word' id='word_1_109' title='bbox 396 2091 425 2141; x_wconf 89' lang='lat' dir='ltr'><strong>et</strong></span> <span class='ocrx_word' id='word_1_110' title='bbox 446 2083 502 2142; x_wconf 88' lang='lat' dir='ltr'><strong>erit</strong></span> <span class='ocrx_word' id='word_1_111' title='bbox 522 2100 598 2162; x_wconf 91' lang='lat' dir='ltr'><strong>quae</strong></span> <span class='ocrx_word' id='word_1_112' title='bbox 619 2099 756 2143; x_wconf 77' lang='lat' dir='ltr'><strong>maxum</strong></span> <span class='ocrx_word' id='word_1_113' title='bbox 773 2098 901 2160; x_wconf 90' lang='lat' dir='ltr'><strong>semper.</strong></span> 
     </span>
     <span class='ocr_line' id='line_1_22' title="bbox 153 2161 1040 2244; baseline -0.001 -19"><span class='ocrx_word' id='word_1_114' title='bbox 153 2183 245 2244; x_wconf 88' lang='lat' dir='ltr'><strong>quare</strong></span> <span class='ocrx_word' id='word_1_115' title='bbox 264 2166 350 2241; x_wconf 80' lang='lat' dir='ltr'><strong>agite,</strong></span> <span class='ocrx_word' id='word_1_116' title='bbox 370 2183 388 2225; x_wconf 97' lang='lat' dir='ltr'><strong>o</strong></span> <span class='ocrx_word' id='word_1_117' title='bbox 410 2167 537 2238; x_wconf 87' lang='lat' dir='ltr'><strong>invenes,</strong></span> <span class='ocrx_word' id='word_1_118' title='bbox 561 2174 708 2228; x_wconf 84' lang='lat' dir='ltr'><strong>tantarum</strong></span> <span class='ocrx_word' id='word_1_119' title='bbox 726 2166 757 2228; x_wconf 93' lang='lat' dir='ltr'><strong>in</strong></span> <span class='ocrx_word' id='word_1_120' title='bbox 779 2181 903 2225; x_wconf 91' lang='lat' dir='ltr'><strong>munere</strong></span> <span class='ocrx_word' id='word_1_121' title='bbox 919 2161 1040 2224; x_wconf 84' lang='lat' dir='ltr'><strong>laudum</strong></span> 
     </span>
     <span class='ocr_line' id='line_1_23' title="bbox 154 2248 948 2329; baseline 0 -21"><span class='ocrx_word' id='word_1_122' title='bbox 154 2248 261 2326; x_wconf 77' lang='lat' dir='ltr'><strong>cingite</strong></span> <span class='ocrx_word' id='word_1_123' title='bbox 279 2249 385 2310; x_wconf 81' lang='lat' dir='ltr'><strong>honde</strong></span> <span class='ocrx_word' id='word_1_124' title='bbox 407 2268 506 2310; x_wconf 89' lang='lat' dir='ltr'><strong>comas</strong></span> <span class='ocrx_word' id='word_1_125' title='bbox 525 2260 554 2311; x_wconf 91' lang='lat' dir='ltr'><strong>et</strong></span> <span class='ocrx_word' id='word_1_126' title='bbox 572 2250 678 2329; x_wconf 89' lang='lat' dir='ltr'><strong>pocula</strong></span> <span class='ocrx_word' id='word_1_127' title='bbox 700 2251 827 2328; x_wconf 67' lang='lat' dir='ltr'><strong>porgite⁴</strong></span> <span class='ocrx_word' id='word_1_128' title='bbox 838 2248 948 2309; x_wconf 82' lang='lat' dir='ltr'><strong>dextris</strong></span> 
     </span>
     <span class='ocr_line' id='line_1_24' title="bbox 153 2329 1019 2412; baseline -0.001 -20"><span class='ocrx_word' id='word_1_129' title='bbox 153 2348 398 2412; x_wconf 89' lang='lat' dir='ltr'><strong>communemque</strong></span> <span class='ocrx_word' id='word_1_130' title='bbox 418 2341 519 2396; x_wconf 85' lang='lat' dir='ltr'><strong>vocate</strong></span> <span class='ocrx_word' id='word_1_131' title='bbox 537 2334 626 2395; x_wconf 91' lang='lat' dir='ltr'><strong>deum</strong></span> <span class='ocrx_word' id='word_1_132' title='bbox 649 2342 677 2395; x_wconf 91' lang='lat' dir='ltr'><strong>et</strong></span> <span class='ocrx_word' id='word_1_133' title='bbox 695 2333 761 2394; x_wconf 89' lang='lat' dir='ltr'><strong>date</strong></span> <span class='ocrx_word' id='word_1_134' title='bbox 782 2334 849 2412; x_wconf 83' lang='lat' dir='ltr'><strong>vina</strong></span> <span class='ocrx_word' id='word_1_135' title='bbox 868 2329 1019 2393; x_wconf 66' lang='lat' dir='ltr'><strong>volentes!</strong></span> 
     </span>
     <span class='ocr_line' id='line_1_25' title="bbox 153 2413 938 2497; baseline 0.003 -22"><span class='ocrx_word' id='word_1_136' title='bbox 153 2415 275 2485; x_wconf 83' lang='lat' dir='ltr'><strong>dixerat,</strong></span> <span class='ocrx_word' id='word_1_137' title='bbox 295 2416 438 2479; x_wconf 89' lang='lat' dir='ltr'><strong>llerculea</strong></span> <span class='ocrx_word' id='word_1_138' title='bbox 458 2417 571 2479; x_wconf 88' lang='lat' dir='ltr'><strong>bicolor</strong></span> <span class='ocrx_word' id='word_1_139' title='bbox 594 2436 662 2481; x_wconf 91' lang='lat' dir='ltr'><strong>cum</strong></span> <span class='ocrx_word' id='word_1_140' title='bbox 684 2414 811 2497; x_wconf 90' lang='lat' dir='ltr'><strong>populus</strong></span> <span class='ocrx_word' id='word_1_141' title='bbox 831 2413 938 2478; x_wconf 89' lang='lat' dir='ltr'><strong>umbra</strong></span> 
     </span>
     <span class='ocr_line' id='line_1_26' title="bbox 155 2498 881 2583; baseline -0.001 -23"><span class='ocrx_word' id='word_1_142' title='bbox 155 2498 316 2578; x_wconf 86' lang='lat' dir='ltr'><strong>velavitque</strong></span> <span class='ocrx_word' id='word_1_143' title='bbox 337 2520 436 2562; x_wconf 89' lang='lat' dir='ltr'><strong>comas</strong></span> <span class='ocrx_word' id='word_1_144' title='bbox 457 2502 593 2583; x_wconf 89' lang='lat' dir='ltr'><strong>foliisque</strong></span> <span class='ocrx_word' id='word_1_145' title='bbox 614 2504 721 2563; x_wconf 77' lang='lat' dir='ltr'><strong>honexa</strong></span> <span class='ocrx_word' id='word_1_146' title='bbox 742 2500 881 2580; x_wconf 91' lang='lat' dir='ltr'><strong>pependit</strong></span> 
     </span>
     <span class='ocr_line' id='line_1_27' title="bbox 153 2585 980 2666; baseline 0.001 -21"><span class='ocrx_word' id='word_1_147' title='bbox 153 2591 183 2645; x_wconf 85' lang='lat' dir='ltr'><strong>et</strong></span> <span class='ocrx_word' id='word_1_148' title='bbox 202 2602 285 2645; x_wconf 85' lang='lat' dir='ltr'><strong>sacer</strong></span> <span class='ocrx_word' id='word_1_149' title='bbox 305 2585 423 2664; x_wconf 91' lang='lat' dir='ltr'><strong>inplevit</strong></span> <span class='ocrx_word' id='word_1_150' title='bbox 444 2586 577 2647; x_wconf 89' lang='lat' dir='ltr'><strong>dextram</strong></span> <span class='ocrx_word' id='word_1_151' title='bbox 599 2585 737 2666; x_wconf 83' lang='lat' dir='ltr'><strong>scyphus.</strong></span> <span class='ocrx_word' id='word_1_152' title='bbox 773 2585 856 2646; x_wconf 89' lang='lat' dir='ltr'><strong>oclus</strong></span> <span class='ocrx_word' id='word_1_153' title='bbox 877 2600 980 2646; x_wconf 86' lang='lat' dir='ltr'><strong>omnes</strong></span> 
     </span>
     <span class='ocr_line' id='line_1_28' title="bbox 153 2667 886 2750; baseline -0.003 -21"><span class='ocrx_word' id='word_1_154' title='bbox 153 2668 183 2729; x_wconf 91' lang='lat' dir='ltr'><strong>in</strong></span> <span class='ocrx_word' id='word_1_155' title='bbox 204 2685 336 2729; x_wconf 75' lang='lat' dir='ltr'><strong>mensam</strong></span> <span class='ocrx_word' id='word_1_156' title='bbox 356 2667 424 2730; x_wconf 85' lang='lat' dir='ltr'><strong>laeti</strong></span> <span class='ocrx_word' id='word_1_157' title='bbox 442 2668 534 2731; x_wconf 90' lang='lat' dir='ltr'><strong>libant</strong></span> <span class='ocrx_word' id='word_1_158' title='bbox 549 2670 695 2750; x_wconf 90' lang='lat' dir='ltr'><strong>divosque</strong></span> <span class='ocrx_word' id='word_1_159' title='bbox 716 2679 886 2748; x_wconf 85' lang='lat' dir='ltr'><strong>precantur.</strong></span> 
     </span>
    </p>

    <p class='ocr_par' dir='ltr' id='par_1_4' title="bbox 152 2750 922 2914">
     <span class='ocr_line' id='line_1_29' title="bbox 195 2750 922 2832; baseline 0.001 -22"><span class='ocrx_word' id='word_1_160' title='bbox 195 2751 310 2812; x_wconf 86' lang='lat' dir='ltr'><strong>Devexo</strong></span> <span class='ocrx_word' id='word_1_161' title='bbox 328 2752 439 2812; x_wconf 88' lang='lat' dir='ltr'><strong>interea</strong></span> <span class='ocrx_word' id='word_1_162' title='bbox 460 2755 582 2832; x_wconf 89' lang='lat' dir='ltr'><strong>propior</strong></span> <span class='ocrx_word' id='word_1_163' title='bbox 600 2756 633 2814; x_wconf 85' lang='lat' dir='ltr'><strong>fit</strong></span> <span class='ocrx_word' id='word_1_164' title='bbox 656 2753 768 2831; x_wconf 85' lang='lat' dir='ltr'><strong>Vesper</strong></span> <span class='ocrx_word' id='word_1_165' title='bbox 788 2750 922 2831; x_wconf 72' lang='lat' dir='ltr'><strong>Olympo.</strong></span> 
     </span>
     <span class='ocr_line' id='line_1_30' title="bbox 152 2832 902 2914; baseline -0.001 -20"><span class='ocrx_word' id='word_1_166' title='bbox 152 2834 270 2911; x_wconf 88' lang='lat' dir='ltr'><strong>iamque</strong></span> <span class='ocrx_word' id='word_1_167' title='bbox 288 2835 457 2897; x_wconf 84' lang='lat' dir='ltr'><strong>sacerdotes</strong></span> <span class='ocrx_word' id='word_1_168' title='bbox 475 2837 649 2914; x_wconf 87' lang='lat' dir='ltr'><strong>primusque</strong></span> <span class='ocrx_word' id='word_1_169' title='bbox 668 2835 791 2897; x_wconf 87' lang='lat' dir='ltr'><strong>Potitius</strong></span> <span class='ocrx_word' id='word_1_170' title='bbox 811 2832 902 2903; x_wconf 86' lang='lat' dir='ltr'><strong>ibant,</strong></span> 
     </span>
    </p>

    <p class='ocr_par' dir='ltr' id='par_1_5' title="bbox 151 2914 958 3145">
     <span class='ocr_line' id='line_1_31' title="bbox 191 2914 958 2996; baseline -0.004 -20"><span class='ocrx_word' id='word_1_171' title='bbox 191 2914 279 2976; x_wconf 87' lang='lat' dir='ltr'><strong>ilibus</strong></span> <span class='ocrx_word' id='word_1_172' title='bbox 296 2917 327 2976; x_wconf 89' lang='lat' dir='ltr'><strong>ln</strong></span> <span class='ocrx_word' id='word_1_173' title='bbox 349 2934 463 2977; x_wconf 92' lang='lat' dir='ltr'><strong>morem</strong></span> <span class='ocrx_word' id='word_1_174' title='bbox 483 2918 578 2987; x_wconf 90' lang='lat' dir='ltr'><strong>cincti,</strong></span> <span class='ocrx_word' id='word_1_175' title='bbox 601 2918 793 2996; x_wconf 86' lang='lat' dir='ltr'><strong>flammasque</strong></span> <span class='ocrx_word' id='word_1_176' title='bbox 813 2914 958 2976; x_wconf 90' lang='lat' dir='ltr'><strong>ferebant.</strong></span> 
     </span>
     <span class='ocr_line' id='line_1_32' title="bbox 151 2934 915 3145; baseline -0.003 -86"><span class='ocrx_word' id='word_1_177' title='bbox 151 2934 332 3145; x_wconf 59' lang='lat' dir='ltr'><strong>gilastauraat</strong></span> <span class='ocrx_word' id='word_1_178' title='bbox 354 2998 453 3077; x_wconf 90' lang='lat' dir='ltr'><strong>epulas</strong></span> <span class='ocrx_word' id='word_1_179' title='bbox 478 3010 506 3061; x_wconf 90' lang='lat' dir='ltr'><strong>et</strong></span> <span class='ocrx_word' id='word_1_180' title='bbox 526 3019 645 3061; x_wconf 89' lang='lat' dir='ltr'><strong>mensae</strong></span> <span class='ocrx_word' id='word_1_181' title='bbox 667 3009 750 3076; x_wconf 80' lang='lat' dir='ltr'><strong>grata</strong></span> <span class='ocrx_word' id='word_1_182' title='bbox 768 2997 915 3059; x_wconf 81' lang='lat' dir='ltr'><strong>secandae</strong></span> 
     </span>
    </p>

    <p class='ocr_par' dir='ltr' id='par_1_6' title="bbox 151 3080 1168 3230">
     <span class='ocr_line' id='line_1_33' title="bbox 173 3080 991 3165; baseline -0.002 -22"><span class='ocrx_word' id='word_1_183' title='bbox 173 3100 230 3144; x_wconf 89' lang='lat' dir='ltr'><strong>ona</strong></span> <span class='ocrx_word' id='word_1_184' title='bbox 248 3083 347 3144; x_wconf 86' lang='lat' dir='ltr'><strong>ferunt</strong></span> <span class='ocrx_word' id='word_1_185' title='bbox 365 3082 574 3165; x_wconf 89' lang='lat' dir='ltr'><strong>cumulantque</strong></span> <span class='ocrx_word' id='word_1_186' title='bbox 595 3085 725 3145; x_wconf 87' lang='lat' dir='ltr'><strong>oneratis</strong></span> <span class='ocrx_word' id='word_1_187' title='bbox 745 3080 878 3144; x_wconf 86' lang='lat' dir='ltr'><strong>lancibus</strong></span> <span class='ocrx_word' id='word_1_188' title='bbox 901 3080 991 3162; x_wconf 82' lang='lat' dir='ltr'><strong>aras]</strong></span> 
     </span>
     <span class='ocr_line' id='line_1_34' title="bbox 151 3165 1168 3230; baseline -0.001 -1"><span class='ocrx_word' id='word_1_189' title='bbox 151 3173 216 3229; x_wconf 73' lang='lat' dir='ltr'><strong>mm</strong></span> <span class='ocrx_word' id='word_1_190' title='bbox 237 3165 299 3228; x_wconf 88' lang='lat' dir='ltr'><strong>salii</strong></span> <span class='ocrx_word' id='word_1_191' title='bbox 321 3166 358 3227; x_wconf 89' lang='lat' dir='ltr'><strong>ad</strong></span> <span class='ocrx_word' id='word_1_192' title='bbox 379 3177 481 3229; x_wconf 87' lang='lat' dir='ltr'><strong>cantus</strong></span> <span class='ocrx_word' id='word_1_193' title='bbox 501 3170 619 3230; x_wconf 88' lang='lat' dir='ltr'><strong>incensa</strong></span> <span class='ocrx_word' id='word_1_194' title='bbox 640 3165 742 3229; x_wconf 86' lang='lat' dir='ltr'><strong>altaria</strong></span> <span class='ocrx_word' id='word_1_195' title='bbox 765 3167 876 3227; x_wconf 89' lang='lat' dir='ltr'><strong>circum</strong></span> <span class='ocrx_word' id='word_1_196' title='bbox 1113 3173 1168 3228; x_wconf 63' lang='lat'><strong>²8!</strong></span> 
     </span>
    </p>

    <p class='ocr_par' dir='ltr' id='par_1_7' title="bbox 213 3249 802 3332">
     <span class='ocr_line' id='line_1_35' title="bbox 213 3249 802 3332; baseline -0.003 -20"><span class='ocrx_word' id='word_1_197' title='bbox 213 3249 287 3312; x_wconf 90' lang='lat' dir='ltr'><strong>ulels</strong></span> <span class='ocrx_word' id='word_1_198' title='bbox 306 3251 412 3313; x_wconf 86' lang='lat' dir='ltr'><strong>adsunt</strong></span> <span class='ocrx_word' id='word_1_199' title='bbox 433 3253 537 3315; x_wconf 87' lang='lat' dir='ltr'><strong>evincti</strong></span> <span class='ocrx_word' id='word_1_200' title='bbox 554 3260 689 3332; x_wconf 89' lang='lat' dir='ltr'><strong>tempora</strong></span> <span class='ocrx_word' id='word_1_201' title='bbox 705 3252 802 3321; x_wconf 87' lang='lat' dir='ltr'><strong>ramis,</strong></span> 
     </span>
    </p>
   </div>
   <div class='ocr_carea' id='block_1_3' title="bbox 152 3332 1142 3586">
    <p class='ocr_par' dir='ltr' id='par_1_8' title="bbox 152 3332 1142 3586">
     <span class='ocr_line' id='line_1_36' title="bbox 176 3332 1063 3415; baseline 0.001 -20"><span class='ocrx_word' id='word_1_202' title='bbox 176 3336 203 3395; x_wconf 90' lang='lat' dir='ltr'><strong>&#39;c</strong></span> <span class='ocrx_word' id='word_1_203' title='bbox 223 3336 361 3396; x_wconf 84' lang='lat' dir='ltr'><strong>iuvenum</strong></span> <span class='ocrx_word' id='word_1_204' title='bbox 383 3336 500 3408; x_wconf 88' lang='lat' dir='ltr'><strong>chorus,</strong></span> <span class='ocrx_word' id='word_1_205' title='bbox 522 3337 571 3400; x_wconf 90' lang='lat' dir='ltr'><strong>ille</strong></span> <span class='ocrx_word' id='word_1_206' title='bbox 592 3355 713 3406; x_wconf 70' lang='lat' dir='ltr'><strong>senum</strong></span> <span class='ocrx_word' id='word_1_207' title='bbox 736 3337 787 3415; x_wconf 91' lang='lat' dir='ltr'><strong>qul</strong></span> <span class='ocrx_word' id='word_1_208' title='bbox 809 3335 940 3395; x_wconf 90' lang='lat' dir='ltr'><strong>carmine</strong></span> <span class='ocrx_word' id='word_1_209' title='bbox 961 3332 1063 3396; x_wconf 86' lang='lat' dir='ltr'><strong>laudes</strong></span> 
     </span>
     <span class='ocr_line' id='line_1_37' title="bbox 152 3415 1142 3504; baseline -0.001 -23"><span class='ocrx_word' id='word_1_210' title='bbox 152 3415 314 3481; x_wconf 81' lang='lat' dir='ltr'><strong>Herculeas</strong></span> <span class='ocrx_word' id='word_1_211' title='bbox 332 3429 361 3481; x_wconf 90' lang='lat' dir='ltr'><strong>et</strong></span> <span class='ocrx_word' id='word_1_212' title='bbox 382 3421 458 3484; x_wconf 88' lang='lat' dir='ltr'><strong>facta</strong></span> <span class='ocrx_word' id='word_1_213' title='bbox 478 3423 591 3484; x_wconf 88' lang='lat' dir='ltr'><strong>ferunt:</strong></span> <span class='ocrx_word' id='word_1_214' title='bbox 613 3433 652 3485; x_wconf 84' lang='lat' dir='ltr'><strong>ut.</strong></span> <span class='ocrx_word' id='word_1_215' title='bbox 668 3421 764 3501; x_wconf 90' lang='lat' dir='ltr'><strong>prima</strong></span> <span class='ocrx_word' id='word_1_216' title='bbox 784 3436 928 3504; x_wconf 83' lang='lat' dir='ltr'><strong>novercae</strong></span> <span class='ocrx_word' id='word_1_217' title='bbox 1138 3493 1142 3499; x_wconf 18' lang='lat'><strong>⁴</strong></span> 
     </span>
     <span class='ocr_line' id='line_1_38' title="bbox 153 3504 1041 3586; baseline 0.011 -23"><span class='ocrx_word' id='word_1_218' title='bbox 153 3510 284 3564; x_wconf 83' lang='lat' dir='ltr'><strong>monstra</strong></span> <span class='ocrx_word' id='word_1_219' title='bbox 305 3522 394 3567; x_wconf 89' lang='lat' dir='ltr'><strong>manu</strong></span> <span class='ocrx_word' id='word_1_220' title='bbox 417 3508 609 3586; x_wconf 78' lang='lat' dir='ltr'><strong>geminosque</strong></span> <span class='ocrx_word' id='word_1_221' title='bbox 630 3523 769 3586; x_wconf 89' lang='lat' dir='ltr'><strong>premens</strong></span> <span class='ocrx_word' id='word_1_222' title='bbox 790 3504 904 3569; x_wconf 90' lang='lat' dir='ltr'><strong>eliserit</strong></span> <span class='ocrx_word' id='word_1_223' title='bbox 921 3518 1041 3581; x_wconf 57' lang='lat' dir='ltr'><strong>angue&amp;</strong></span> 
     </span>
    </p>
   </div>
   <div class='ocr_carea' id='block_1_4' title="bbox 0 0 1205 3878">
    <p class='ocr_par' dir='ltr' id='par_1_9' title="bbox 0 0 1205 3878">
     <span class='ocr_line' id='line_1_39' title="bbox 0 0 1205 3878; baseline 0 0"><span class='ocrx_word' id='word_1_224' title='bbox 0 0 1205 3878; x_wconf 95' lang='lat' dir='ltr'><strong> </strong></span> 
     </span>
    </p>
   </div>
  </div>
 </body>
</html>
