2400 3878
136 203 197 271 tue
470 212 613 260 vuneun
634 212 759 261 hunnis
775 213 811 260 vr

136 377 281 446 mgentem
304 377 332 429 et
353 386 467 428 summa
489 369 603 428 Danaos
625 387 659 428 ex
682 386 750 428 arce
771 365 901 428 vocabat.
986 426 1008 443 ,Ἰ

135 462 205 513 tunc
224 471 271 513 me
289 453 454 512 coniectum
478 451 772 530 cbereiasomnoque
792 461 943 528 gravatum
967 420 1161 583 &tuq-{m

135 536 235 596 infelix
255 535 357 597 habuit
379 535 522 596 thalamus
543 535 707 613 pressitque
728 537 870 596 iacentem

136 619 228 680 dulcis
248 629 277 680 et
297 619 353 680 alta
377 621 459 697 quies
480 618 669 697 placidaeque
687 618 831 678 simillima
851 619 949 679 morti.

137 706 252 781 egregia
273 706 384 764 interea
407 704 533 763 coniunx
554 721 634 763 arma
659 704 755 763 omnia
777 703 859 763 tectis

136 796 250 848 amovet
272 790 311 865 (et
331 788 420 847 ildum
443 788 528 864 capiti
547 787 727 847 subduxerat
749 787 873 863 ensem):

136 873 211 931 intra
232 879 306 932 tecta
326 879 410 930 vocat
433 869 597 930 Menelaum
619 879 647 930 et
667 870 765 930 limina
786 871 899 947 pandit,
1108 882 1162 936 525

136 953 244 1015 scilicet
265 956 294 1015 id
317 972 454 1032 magnum
477 972 599 1032 sperans
622 955 684 1014 iore
705 972 812 1015 munus
833 957 942 1014 amanti

137 1046 165 1097 et
185 1039 290 1099 lamam
310 1039 438 1116 extingui
457 1047 587 1098 veterum
610 1039 652 1098 sic
669 1055 755 1115 posse
776 1037 929 1099 malorum.

137 1122 207 1199 quid
227 1122 346 1181 mereri
368 1124 540 1198 inrumpunt
559 1120 702 1190 thalamo,
725 1139 823 1182 comes
844 1121 959 1183 additus
979 1139 1039 1182 una

136 1205 268 1265 hortator
290 1205 434 1266 scelerum
451 1204 595 1265 Aeolides.
640 1206 683 1274 di,
707 1205 772 1266 talia
796 1206 879 1266 Grais

136 1297 309 1357 instaurate,
332 1291 380 1368 pio
405 1291 430 1348 si
450 1305 559 1366 poenas
581 1307 632 1350 ore
654 1305 787 1368 reposco.

136 1373 187 1434 sed
202 1380 230 1435 te
252 1375 301 1451 qui
319 1374 412 1432 vivom
431 1389 530 1443 casus,
554 1389 608 1450 age
631 1375 693 1435 lare
705 1375 842 1441 vicissim,

137 1457 293 1518 attulerint.
337 1456 471 1535 pelagine
487 1458 567 1518 renis
589 1457 740 1518 erroribus
758 1465 839 1518 actus

136 1559 173 1601 an
192 1543 304 1603 monitu
326 1542 440 1602 divom?
462 1558 498 1600 an
519 1560 594 1620 quae
611 1550 640 1603 te
662 1542 791 1602 Fortuna
812 1542 925 1620 fatigat,

135 1635 168 1687 ut
189 1629 277 1686 tristis
298 1626 361 1686 sine
381 1626 443 1686 sole
465 1625 583 1695 domos,
606 1624 671 1687 loca
691 1625 822 1695 turbida,
846 1624 972 1686 adiresl'

137 1710 191 1769 hac
213 1711 274 1770 vice
296 1728 464 1770 sermonum
486 1711 578 1770 roseis
599 1711 712 1770 Aurora
733 1709 881 1788 quadrigis

137 1794 193 1852 iam
214 1793 342 1853 medium
362 1794 491 1853 aetherio
515 1811 602 1853 cursu
622 1796 775 1854 traiecerat
796 1811 889 1854 axem.

138 1886 166 1936 et
190 1877 248 1936 lors
270 1894 356 1936 omne
378 1876 477 1936 datum
499 1878 650 1936 traherent
669 1896 723 1956 per
743 1876 810 1938 talia
830 1884 958 1955 tempto,

137 1960 188 2020 sed
211 1977 309 2019 comes
331 1959 481 2020 admonuit
501 1958 689 2040 breviterque
709 1962 804 2022 adlata
825 1960 931 2038 Sibylla
955 1967 1017 2021 est:

137 2053 209 2103 ‘nox
231 2045 306 2110 ruit,
328 2044 439 2110 Aenea:
463 2062 516 2103 nos
538 2044 635 2104 ilendo
654 2045 787 2106 ducimus
806 2045 903 2106 horas.

137 2127 184 2186 hic
205 2127 287 2187 locus
310 2135 370 2197 est,
393 2129 484 2204 partis
505 2127 556 2188 ubi
578 2146 609 2188 se
631 2130 675 2189 via
695 2130 777 2189 ilndit
798 2132 827 2190 in
849 2128 963 2189 ambas:

137 2212 255 2271 dextera
274 2229 348 2288 quae
368 2211 439 2271 llitis
459 2215 556 2290 magni
578 2212 633 2272 sub
651 2216 766 2273 moenia
788 2212 892 2281 tendit,

137 2295 192 2354 hac
213 2298 268 2355 iter
287 2294 413 2374 Elysium
433 2295 533 2365 nobis;
553 2307 582 2356 at
601 2297 680 2358 laeva
702 2297 845 2358 malorum

137 2389 255 2439 exercet
273 2396 383 2456 poenas
406 2388 434 2439 et
455 2381 491 2440 ad
514 2382 603 2459 impia
625 2381 747 2442 Tartara
768 2377 877 2441 mittit’

138 2462 306 2542 Deiphobus
329 2470 431 2523 contra
452 2474 504 2526 ‘ne
522 2467 614 2536 saevi,
635 2483 741 2544 magna
763 2463 916 2526 sacerdos:

138 2547 300 2616 discedam,
324 2547 446 2625 explebo
467 2566 623 2611 numerum
645 2549 810 2628 reddarque
825 2548 965 2610 tenebris.

137 2633 147 2691 i
169 2632 272 2701 decus,
293 2633 316 2700 i,
338 2640 486 2694 nostrum:
509 2633 678 2695 melioribus
698 2639 782 2694 utere
801 2632 886 2696 latis!

138 2722 249 2775 tantum
270 2716 387 2786 ellatus,
409 2724 438 2777 et
459 2719 488 2777 in
506 2719 599 2778 verbo
618 2718 736 2795 vestigia
754 2718 845 2777 torsit.

180 2799 306 2874 Respicit
330 2800 457 2860 Aeneas:
475 2801 571 2860 subito
594 2809 622 2861 et
644 2802 698 2861 sub
721 2819 795 2879 rupe
817 2801 931 2860 sinistra

138 2883 252 2940 moenia
273 2880 329 2940 lata
348 2882 440 2950 videt,
462 2883 569 2959 triplici
591 2885 768 2945 circumdata
791 2901 891 2952 muro,

139 2982 213 3042 quae
232 2963 351 3040 rapidus
369 2964 493 3025 ssammis
514 2965 605 3025 ambit
624 2969 804 3029 torrentibus
825 2967 931 3034 amnis,

138 3046 295 3106 Tartareus
315 3045 512 3123 Phlegethon,
534 3056 710 3130 torquetque
731 3052 862 3112 sonantia
883 3067 962 3110 saxa.

138 3139 223 3208 porta
241 3130 360 3190 adversa
379 3131 495 3208 ingens,
517 3131 668 3212 solidoque
689 3136 842 3197 adamante
865 3134 1036 3206 columnae,

138 3215 180 3273 ris
200 3222 232 3274 ut
253 3213 331 3276 nulla
352 3215 462 3288 virum,
485 3235 544 3277 nou
565 3219 621 3295 ipsi
645 3220 800 3281 excindere
821 3217 898 3281 bello

139 3297 292 3359 caelicolae
315 3298 440 3370 valeant;
459 3307 516 3363 stat
538 3302 633 3362 ferrea
654 3305 743 3362 turris
764 3305 801 3364 ad
822 3321 924 3370 auras,

139 3380 353 3463 Tisiphoneque
374 3383 494 3457 sedens,
515 3385 592 3464 palla
613 3389 760 3447 succincta
782 3396 919 3454 cruenta,

139 3465 311 3528 vestibulum
334 3470 479 3530 exsomnis
500 3477 597 3531 servat
617 3475 777 3550 noctesque
798 3471 925 3550 diesque.
