2400 3878
155 224 214 286 130
369 202 372 207 ’
484 235 626 283 vunomr
651 235 775 282 opums
793 236 832 282 111

153 389 336 450 horrendum
359 397 388 449 et
410 390 488 450 dictu
506 388 589 449 video
609 388 741 449 mirabile
762 398 937 449 monstrum.

153 491 221 533 nam
245 491 320 551 quae
343 474 436 550 prima
458 472 521 533 solo
540 474 634 550 ruptis
654 473 801 533 radicibus
823 471 911 534 arbos
932 487 935 491 ·

155 555 283 625 vellitur,
308 557 376 616 huic
398 566 461 616 atro
484 555 575 616 licunt
563 564 612 617 tur
634 558 774 633 sanguine
797 563 894 634 guttae

154 649 182 701 ct
203 646 312 700 terram
333 639 402 700 tabo
427 638 582 701 maculant.
627 640 697 699 mihi
719 638 841 715 frigidus
861 640 968 701 horror

153 722 286 783 membra
309 724 413 802 quatit
437 724 608 802 gelidusque
631 723 688 783 coit
710 723 865 784 formidine
883 725 1010 801 sanguis.
1139 738 1179 795 ,ω

153 823 256 867 rursus
278 814 307 866 et
328 806 446 868 alterius
468 807 579 868 lentum
602 804 808 867 convellere
783 825 877 868 umen

145 891 290 967 ,insequor
314 898 341 951 et
364 909 465 952 causas
488 892 603 967 penitus
624 898 767 967 temptare
786 889 913 951 latentis:

153 982 215 1033 ater
239 981 268 1033 et
289 972 407 1034 alterius
431 975 561 1053 sequitur
581 974 617 1035 de
640 975 749 1034 cortice
770 975 896 1052 sanguis.

153 1056 242 1118 multa
265 1075 384 1118 movens
407 1059 503 1118 animo
522 1057 663 1137 nymphas
687 1057 849 1118 venerabar
871 1060 994 1136 agrestis

154 1141 370 1220 Gradivomque
392 1149 520 1219 patrem,
544 1142 652 1203 Geticis
674 1142 723 1219 qui
745 1141 893 1219 praesidet
912 1143 1005 1210 arvis,
1144 1154 1176 1209 ss

154 1226 209 1285 rite
231 1224 426 1286 secundarent
446 1226 523 1285 visus
545 1242 690 1302 omenque
713 1224 850 1286 levarent.
876 1276 879 1281 ,

153 1310 237 1368 tertia
257 1308 309 1369 sed
321 1317 477 1386 postquam
500 1309 610 1369 maiore
630 1306 743 1369 hastilia
765 1310 830 1368 nisu

154 1392 309 1468 adgredior
327 1391 509 1471 genibusque
531 1392 669 1453 adversae
688 1391 823 1453 obluctor
842 1392 985 1462 harenae,

154 1474 285 1555 [eloquar
303 1493 340 1536 an
359 1475 459 1537 sileam
466 1476 487 1556 i)
511 1477 635 1554 gemitus
653 1474 838 1537 lacrimabilis
860 1478 918 1536 imo

155 1560 271 1620 auditur
294 1559 420 1630 tumulo,
445 1568 472 1620 et
493 1579 548 1620 vox
572 1561 684 1621 reddita
707 1561 800 1620 fertur
823 1561 859 1621 ad
881 1561 959 1620 auris
1142 1572 1177 1627 ao

150 1643 237 1721 ‘quid
257 1645 412 1713 miserum,
436 1646 548 1712 Aenea,
574 1642 704 1704 laceras?
725 1645 783 1703 iam
802 1662 891 1721 parce
912 1642 1043 1721 sepulto,

154 1742 241 1805 parce
263 1728 326 1803 pias
342 1726 487 1788 scelerare
506 1745 618 1787 manus.
663 1745 723 1787 non
744 1746 792 1788 me
814 1727 866 1788 tibi
886 1726 974 1789 Troia

154 1816 305 1869 externum
323 1808 388 1871 tulit
410 1817 459 1870 aut
479 1828 567 1871 cruor
590 1810 637 1870 hic
659 1811 695 1871 de
716 1812 812 1889 stipite
832 1818 940 1872 manat.

153 1892 212 1952 heu
235 1893 303 1970 luge
326 1892 451 1954 crudelis
473 1901 582 1964 terras,
603 1894 672 1971 luge
694 1892 761 1955 litus
783 1913 912 1956 avarum.

153 1993 220 2036 nam
241 1975 403 2054 Polydorus
425 1995 489 2057 ego.
534 1977 581 2038 hic
604 1979 751 2038 confixum
776 1979 871 2039 ferrea
894 1980 964 2039 texit
1142 1992 1178 2045 te

153 2058 277 2120 telorum
300 2076 383 2139 seges
409 2068 438 2122 et
458 2061 558 2122 iaculis
578 2063 700 2122 increvit
720 2061 838 2123 acutis'

152 2151 214 2204 tum
235 2161 304 2203 vero
326 2146 443 2222 ancipiti
465 2153 592 2206 mentem
615 2145 769 2206 tormidine
791 2163 924 2223 pressus-

153 2225 279 2303 obstipui
301 2236 502 2308 steteruntque
524 2247 624 2290 comae
646 2237 675 2289 et
695 2246 754 2290 vox
773 2229 907 2291 lancibus
930 2230 1032 2292 haesit.

98 2310 105 2320 '
194 2310 279 2370 llunc
301 2310 477 2390 Polydorum
498 2315 562 2373 auri
583 2314 728 2391 quondam
748 2331 815 2374 cum
836 2313 968 2391 pondere
986 2332 1099 2394 magno

153 2393 252 2453 iulelix
274 2395 406 2456 Priamus
429 2397 527 2456 furtim
546 2397 698 2457 mandarat
720 2396 857 2458 alendum
1144 2412 1179 2467 ω

152 2476 287 2538 Threicio
308 2481 385 2558 regi,
409 2498 476 2541 cum
498 2481 554 2541 iam
578 2480 721 2541 diffideret
740 2482 828 2542 armis

153 2561 316 2623 Dardaniae
339 2565 474 2642 cingique
496 2564 600 2626 urbem
623 2564 774 2625 obsidione
792 2565 910 2625 videret.

152 2644 214 2713 illc,
239 2654 269 2706 ut
289 2666 360 2724 opes
381 2648 491 2709 fractae
511 2648 672 2717 Teucrum,
693 2657 720 2709 et
740 2648 870 2709 Fortuna
889 2649 1026 2718 recessit,

153 2747 201 2790 res
222 2730 465 2807 Agamemnonias
485 2734 672 2810 victriciaque
693 2749 774 2792 arma
793 2739 910 2793 secutus

152 2813 200 2881 las
217 2830 303 2873 omne
318 2813 480 2891 abrumpit:
499 2815 677 2893 Polydorum
696 2815 866 2886 obtmncat,
890 2823 919 2875 et
940 2832 1014 2877 auro

151 2895 178 2954 ri
200 2897 320 2991 potitur.
365 2898 433 2976 qnid
456 2915 515 2957 non
536 2896 668 2959 mortalia
691 2908 810 2976 pectora
834 2900 930 2976 cogis,

152 2981 216 3038 auri
237 2996 319 3039 sacra
341 2980 447 3041 fames!
467 2989 619 3059 postquam
641 3000 731 3080 payor
753 3002 818 3045 ossa
839 2982 971 3062 reliquit,

152 3060 280 3122 delectos
300 3064 401 3141 populi
422 3064 457 3124 ad
476 3081 615 3141 proceres
636 3069 822 3146 primumque
845 3074 998 3145 parentem

150 3152 281 3206 monstra
303 3146 390 3208 deum
410 3149 522 3218 resero,
546 3158 574 3209 et
596 3168 670 3228 quae
692 3152 728 3212 sit
751 3152 891 3212 sententia
914 3166 1015 3228 posco
1113 3204 1117 3211 .
1150 3206 1155 3213 .

151 3229 287 3290 omnibus
308 3231 386 3292 idem
408 3234 534 3302 animus,
563 3233 703 3295 scelerata
726 3235 868 3296 excedere
890 3241 984 3301 terra,
1136 3240 1195 3317 :02⁴

151 3310 243 3391 linqui
264 3314 407 3400 pollutum
428 3318 585 3395 hospitium
609 3328 637 3378 et
659 3319 729 3379 dare
750 3317 891 3379 classibus
913 3324 1039 3379 austros
1094 3336 1098 3341 ·
1140 3350 1170 3385 .·‚.

154 3415 223 3475 ergo
246 3398 440 3461 instauramus
458 3400 602 3481 Polydoro
625 3401 727 3463 sunus:
749 3410 778 3462 et
798 3403 902 3480 ingens
1176 3400 1182 3409 '

154 3482 303 3561 aggeritur
325 3483 438 3545 tumulo
459 3484 560 3553 tellus;
582 3493 660 3545 stant
679 3485 815 3561 manibus
836 3502 905 3546 arae
