2400 3878
407 212 551 260 vultum
565 213 692 262 Annnts
708 216 745 263 xt

35 440 37 442 ,
65 377 196 429 ‘sumnia
217 371 316 439 deum,
339 370 432 429 sancti
454 377 553 429 custos
574 368 703 428 Soractis
725 370 837 449 Apollo,

66 471 154 532 quem
176 454 263 530 primi
284 451 415 523 colimus,
439 455 509 531 quoi
530 453 635 530 pineus
657 454 745 513 ardor
768 472 873 531 acervo

67 538 196 615 pasoitur
219 545 246 597 et
267 538 396 597 medium
420 537 486 597 ireti
510 538 617 614 pietate
639 555 692 614 per
715 540 812 615 ignem

67 620 196 681 cultores
220 621 311 696 multa
330 623 492 699 premimus
512 623 629 697 vestigia
649 640 753 700 pruna

67 706 112 772 da,
132 711 224 783 pater,
247 687 304 765 boc
324 706 432 765 nostris
454 703 565 764 aboleri
588 705 715 766 dedecus
738 709 835 777 armis,

67 790 260 887 omnipotens.
292 807 353 848 non
373 790 489 849 exuvias
511 788 648 866 pulsaeve
667 799 820 867 tropaeum

69 874 186 950 virginis
208 880 259 934 aut
278 871 370 951 spolia
390 871 447 932 ulla
471 881 537 950 peto
563 864 642 951 (mihi
661 882 758 934 cetera
781 874 896 936 laudem

70 959 143 1016 iacta
167 957 298 1035 l:erent)
309 958 382 1017 haec
403 957 467 1026 dira
489 975 554 1016 meo
578 957 647 1025 dum
670 957 788 1018 volnere
809 962 898 1040 pestis

68 1041 150 1118 pulsa
173 1041 265 1110 cadat,
288 1043 397 1120 patrias
419 1041 557 1101 remeabo
583 1041 723 1118 inglorius
746 1043 855 1103 urbes·

68 1126 159 1183 audiit
178 1133 206 1184 et
226 1126 284 1184 voti
304 1126 441 1185 Phoebus
464 1125 624 1200 succedere
645 1136 759 1202 partem

68 1216 164 1268 mente
188 1209 275 1279 dedit,
299 1217 412 1287 partem
437 1209 561 1270 volucris
585 1210 748 1293 dispersit
742 1229 770 1270 m
793 1230 897 1271 auras:

67 1301 212 1352 sterneret
230 1301 262 1352 ut
281 1293 376 1352 subita
398 1286 546 1353 turbatam
568 1302 662 1354 morte
685 1295 843 1363 Camillam

67 1377 168 1436 adnuit
190 1380 299 1444 oranti:
322 1378 462 1437 reducem
484 1385 516 1436 ut
537 1380 631 1454 patria
656 1378 712 1438 alta
736 1380 854 1445 videret,

67 1479 126 1520 non
149 1461 264 1527 dedit'
257 1478 347 1539 mque
368 1467 453 1519 notos
476 1478 576 1523 vocem
600 1468 712 1521 vertere
731 1461 887 1538 procellae.

67 1563 138 1622 ergo
159 1555 189 1604 ut
211 1546 299 1604 missa
322 1561 409 1603 manu
431 1544 558 1602 sonitum
582 1544 662 1602 dedit
683 1544 764 1602 hasta
788 1563 841 1623 per
864 1562 958 1613 auras,

68 1637 238 1688 convertere
263 1630 375 1688 animos
396 1629 473 1704 acris
495 1625 654 1725 oculosque
676 1627 770 1688 tulere

72 1713 169 1773 cuncti
190 1712 226 1772 ad
246 1715 377 1789 reginam
393 1709 499 1770 Volsci
534 1710 632 1770 nihil
624 1729 685 1795 ipsa
709 1730 763 1771 nec
785 1731 874 1782 aurae

68 1815 123 1857 nec
146 1799 257 1856 sonitus
280 1812 393 1855 memor
412 1805 461 1854 aut
481 1795 621 1855 venienus
640 1788 676 1854 ab
700 1797 819 1856 aethere
839 1797 897 1864 teli,

68 1881 148 1939 hasta
171 1881 225 1938 sub
249 1889 379 1940 exertam
402 1879 497 1939 donec
520 1879 632 1956 perlata
651 1880 788 1959 papillam

68 1965 160 2024 haesit
181 1965 400 2042 virgineumque
423 1963 480 2023 alte
501 1963 576 2023 bibit
595 1971 659 2025 acta
682 1983 827 2026 cruorem.

68 2056 248 2108 concurrunt
268 2050 401 2128 trepidae
424 2048 545 2108 comites
564 2049 770 2127 dominamque
792 2062 926 2111 ruentem

67 2133 239 2210 succipiunt.
275 2133 348 2210 lugit
368 2142 436 2193 ante
458 2133 552 2191 omnis
575 2135 732 2192 exterritus
751 2136 872 2198 Arruns

67 2215 173 2276 laetitia
195 2218 345 2295 mixtoque
367 2223 456 2285 metr,
480 2234 536 2274 nec
555 2216 611 2276 iam
630 2217 754 2314 amplius
772 2219 872 2278 hastae

69 2301 190 2360 credere
210 2318 265 2360 nec
287 2299 351 2381 telis
373 2317 532 2377 occurrere
553 2301 672 2374 virginis
696 2301 791 2361 audet.

70 2402 104 2442 ac
128 2382 206 2442 velut
226 2371 285 2450 ille,
309 2368 392 2459 prius
410 2400 498 2459 quam
518 2380 605 2440 tela
597 2384 713 2441 mimica
739 2392 909 2461 sequantur.

70 2467 236 2526 continuo
229 2483 258 2523 m
281 2467 389 2522 montis
410 2481 475 2523 sese
497 2466 578 2522 avius
600 2462 711 2523 abdidit
735 2464 807 2526 altos

69 2550 166 2608 occiso
188 2556 305 2625 pastore
328 2545 415 2622 lupus
436 2563 578 2621 magnove
600 2547 734 2615 iuvenco,

70 2633 204 2691 conscius
228 2629 345 2691 audacis
365 2629 442 2695 iacti,
464 2629 645 2706 caudamque
667 2606 833 2693 remulcens

32 2706 35 2715 ¹
70 2715 192 2775 subiecit
210 2715 384 2792 pavitantem
408 2720 492 2772 utero
514 2710 658 2791 silvasque
678 2716 793 2791 petivit:

71 2799 140 2858 haut
158 2816 245 2858 secus
265 2816 299 2858 ex
323 2795 415 2857 oculis
435 2814 466 2856 se
488 2796 625 2856 turbidus
647 2797 764 2857 abstulit
786 2806 898 2861 Arruns

70 2890 283 2963 contentusque
307 2883 373 2959 luga
397 2881 502 2941 mediis
524 2899 556 2939 se
579 2883 726 2942 inmiscuit
748 2886 845 2946 armis.

70 2967 117 3026 illa
137 2985 226 3027 manu
244 2969 373 3027 moriens
392 2965 482 3026 telum
505 2965 602 3037 trahit,
625 2985 690 3027 ossa
712 2970 763 3028 sed
786 2973 861 3031 inter

71 3052 185 3112 lerneus
208 3053 244 3111 ad
267 3059 362 3112 costas
382 3050 440 3110 alto
461 3059 518 3111 stat
540 3051 659 3112 volnere
682 3071 799 3114 mucro:

70 3133 177 3195 labitur
200 3137 365 3211 exsanguis,
385 3133 523 3196 labuntur
545 3135 650 3213 frigida
671 3136 728 3196 leto

70 3219 188 3288 lumina,
207 3237 375 3298 purpureus
398 3219 545 3296 quondam
568 3219 649 3279 color
672 3239 723 3280 ora
745 3220 869 3299 reliquit.

71 3311 130 3362 tum
150 3303 191 3361 sic
214 3304 349 3380 expirans
368 3304 475 3362 Accam
495 3323 531 3362 ex
553 3301 723 3379 aequalibus
745 3322 832 3362 unam

71 3386 238 3465 adloquitur
259 3386 346 3446 fidam
369 3396 435 3446 ante
458 3384 537 3452 alias,
562 3403 637 3463 quac
658 3385 718 3444 sola
738 3387 881 3456 Camillae,

70 3472 190 3549 quicum
211 3469 314 3550 partiri
335 3486 435 3536 curas:
460 3477 548 3550 atque
568 3469 641 3527 haec
663 3472 701 3528 ita
724 3470 813 3531 latum
