2400 3878
110 181 172 246 288
445 195 590 244 vnnumr
614 193 740 243 111111
756 195 779 241 x

110 354 334 430 turrigeraeque
356 351 438 413 urbls
457 350 608 431 biiugique
630 351 667 412 ad
684 350 767 411 irena
789 349 899 418 leones,

109 443 142 498 tu
164 435 235 495 mihi
253 453 331 496 nunc
349 451 465 514 pugnae
486 437 634 513 princeps,
656 443 688 495 tu
710 436 765 495 rite
787 435 967 512 propinques

110 521 266 596 augurium
288 518 511 598 Phrygibusque
530 519 606 579 adsis
628 519 713 596 pede,
736 517 810 586 diva,
832 515 981 578 secundo'

108 611 222 664 tantum
244 603 355 664 1111111.
386 610 415 664 11
436 604 549 664 interea
570 601 702 664 revoluta
723 602 848 662 rubebat

109 696 225 747 matura
242 688 299 747 iarn
320 685 387 748 luce
409 687 471 747 dies
488 694 664 766 noctemque
683 686 813 762 iugarat:

109 771 254 849 principio
276 771 362 832 sociis
384 771 479 840 edicit,
499 772 582 848 signa
603 777 762 848 sequantur

109 862 196 934 atque
218 857 331 915 animos
352 861 452 932 aptent
474 856 564 914 armis
585 871 760 933 pugnaeque
782 859 886 931 parent
909 870 950 913 11.

108 939 226 1015 iamque
244 939 274 997 in
296 946 455 1016 conspectu
476 938 607 999 Teucros
628 936 717 997 babet
738 945 767 998 11
785 954 837 997 sua
860 943 964 1005 castra,

109 1030 188 1082 stans
208 1020 290 1082 celsa
303 1023 334 1080 in
356 1022 458 1101 puppi.
489 1021 618 1099 clipeum
640 1040 707 1082 cum
727 1021 832 1082 deinde
853 1022 969 1080 11111111

109 1104 210 1166 extulit
231 1105 392 1173 ardentem,
412 1104 570 1166 clamorem
591 1106 628 1166 ad
649 1105 746 1165 sidera
767 1104 874 1164 tollunt

108 1188 291 1251 Dardanidae
313 1207 329 1248 e
346 1191 447 1259 muris,
468 1208 536 1267 spes
558 1189 654 1249 addita
675 1190 796 1250 suscitat
818 1190 885 1259 iras,

108 1271 165 1333 tela
186 1291 274 1332 manu
299 1274 423 1333 iaciunt:
447 1272 546 1352 quales
564 1273 617 1334 sub
641 1271 769 1333 nubibus
791 1274 862 1334 atris

109 1355 292 1436 Strymoniae
312 1357 383 1417 dant
403 1359 486 1434 signa
509 1376 597 1435 grues
617 1365 705 1435 atque
727 1355 845 1416 aethera
867 1364 982 1416 tranant

109 1458 177 1501 cum
198 1442 295 1502 sonitu
316 1441 489 1520 fugiuntque
510 1451 596 1502 notos
618 1440 746 1501 clamore
765 1439 906 1501 secundo.

108 1533 138 1585 at
158 1523 265 1584 Rutulo
282 1525 346 1602 regi
369 1524 552 1604 ducibusque
574 1544 607 1586 ea
625 1526 699 1585 mira
721 1525 812 1586 videri

108 1609 251 1677 Ausoniis,
277 1609 371 1669 donec
391 1627 490 1670 versas
506 1610 542 1670 ad
563 1608 647 1669 litora
669 1627 782 1688 puppes

108 1693 271 1769 respiciunt
291 1699 443 1771 totumque
466 1692 562 1753 adlabi
585 1692 726 1754 classibus
748 1709 868 1770 aequor.

106 1776 208 1836 *ardet
222 1796 296 1855 apex
312 1779 398 1856 capiti
409 1778 561 1854 cristisque
584 1795 600 1835 a
623 1777 731 1836 vertice
752 1775 869 1835 llamma

109 1858 241 1918 lunditur
263 1869 291 1919 et
314 1865 408 1919 vastos
428 1860 517 1919 umbo
538 1861 625 1919 vomit
647 1878 755 1920 aureus
776 1859 870 1936 ignis:

108 1959 167 2000 non
190 1960 275 2002 secus
298 1960 332 2003 ac
352 1941 460 2021 liquida
482 1943 624 2020 siquando
646 1950 733 2003 nocte
755 1951 886 2003 10111111

108 2025 261 2102 sanguinei
285 2025 411 2103 lugubre
432 2025 541 2086 rubent
559 2034 609 2086 aut
631 2025 725 2086 Sirius
745 2025 843 2093 ardor,

107 2106 156 2167 ille
177 2109 255 2168 sitim
276 2108 454 2186 morbosque
474 2109 572 2170 serens
590 2108 763 2171 mortalibus
785 2111 890 2186 aegris,

108 2193 238 2252 nascitur
261 2203 289 2253 et
311 2193 392 2254 laevo
413 2195 565 2253 contristat
586 2193 695 2254 lumine
718 2192 861 2254 caelum*

150 2276 228 2336 Haut
248 2285 345 2338 tamen
368 2277 472 2338 audaci
493 2277 593 2337 Turno
616 2278 722 2338 tiducia
741 2279 827 2339 cessit

108 2358 196 2422 litora
218 2363 391 2460 praecipere
410 2371 438 2423 et
457 2362 596 2423 venientis
617 2361 728 2441 pellere
744 2369 833 2424 terra.

108 2445 204 2524 ‘quod
225 2447 298 2505 votis
319 2447 447 2545 optastis,
471 2446 561 2517 adest,
584 2447 768 2526 perfringere
789 2448 907 2508 dextra:

108 2528 138 2587 in
158 2529 294 2591 manibus
312 2531 419 2592 biars
412 2550 474 2610 rpse
496 2532 573 2592 viris
610 2548 690 2593 nunc
709 2532 841 2609 coniugis
864 2537 925 2592 esto

108 2613 232 2695 quisque
249 2633 320 2677 suae
341 2616 468 2694 tectique
490 2634 612 2685 memor,
636 2634 715 2677 nunc
736 2634 842 2694 magna
863 2615 972 2679 relcrte

107 2695 192 2767 11111,
214 2708 331 2777 patrum
353 2698 461 2760 laudes.
493 2699 571 2761 ultro
594 2718 784 2761 occurramus
806 2699 842 2759 ad
865 2697 982 2763 undam,

108 2779 178 2839 dum
200 2782 305 2860 trepidi
327 2784 510 2859 egressisque
531 2782 630 2843 labant
651 2785 770 2861 vestigia
793 2785 896 2860 prima.
969 2835 972 2841 .

107 2862 241 2924 audentis
262 2865 392 2925 Fortuna
413 2865 510 2933 iuvat,'

109 2943 183 3007 baec
205 2948 244 3006 ait
265 2955 294 3008 ct
316 2964 416 3007 secum
437 2956 541 3017 versat,
565 2966 638 3027 quos
659 2949 769 3009 ducere
787 2954 888 3007 contra

106 3029 152 3088 rel
175 3029 281 3110 quibus
298 3029 434 3090 obsessos
454 3031 546 3107 possit
567 3030 745 3092 concredere
766 3047 876 3090 muros.

149 3115 264 3174 1111111
285 3114 396 3174 deneas
418 3114 512 3172 socios
534 3113 571 3174 de
590 3114 738 3193 puppibus
755 3113 821 3174 altis

107 3197 244 3278 pontibus
267 3198 394 3275 exponit.
427 3196 511 3258 multi
532 3216 648 3260 servare
669 3217 807 3260 recursus

104 3285 272 3359 languentis
289 3280 385 3364 pelagi
410 3290 437 3342 et
455 3281 593 3345 brevibus
612 3303 644 3345 se
666 3284 789 3346 credere
810 3282 894 3355 saltu,

108 3450 181 3510 ultro
199 3455 302 3511 animos
317 3453 391 3511 tollit
405 3455 483 3513 dictis
499 3465 580 3532 atque
595 3465 717 3533 increpat
732 3456 805 3515 111111
