2400 3878
383 691 424 767 1³.
448 690 665 768 vnuunn
686 688 915 767 nunonis

262 864 352 1025 xA
404 865 445 958 E
497 863 542 958 N
594 865 636 957 E
688 862 712 955 Ι
763 863 809 957 D
863 861 994 959 OS

491 1035 605 1091 LIBER
628 1032 808 1101 Quintus.

187 1367 301 1429 {umrea
322 1367 451 1428 medium
473 1366 586 1427 Aeneas
607 1367 664 1426 iam
687 1365 779 1427 classe
799 1364 915 1426 tenebat

146 1458 243 1513 certus
261 1452 315 1512 iter
337 1452 501 1528 fluctusque
519 1458 598 1510 atros
615 1448 750 1527 aquilone
770 1448 900 1522 secabat,

145 1537 259 1596 moenia
280 1536 453 1615 respiciens,
477 1552 551 1613 quae
570 1535 627 1594 iam
648 1532 770 1593 infelicis
792 1532 900 1593 Elissae

145 1617 301 1680 conlucent
321 1619 454 1679 flammis.
498 1635 572 1695 quae
594 1625 705 1678 tantum
727 1615 892 1677 accenderit
911 1616 1010 1694 ignem

145 1718 233 1763 causa
253 1701 337 1771 latet;
358 1703 424 1763 duri
446 1718 550 1778 magno
571 1700 621 1760 scd
637 1718 738 1761 amore
757 1700 873 1761 dolores
1146 1714 1165 1769 s

144 1782 254 1862 polluto
276 1792 450 1863 notumque,
474 1784 574 1845 furens
596 1783 665 1862 quid
685 1785 792 1844 femma
813 1784 917 1862 possit,

145 1868 226 1928 triste
248 1886 301 1947 per
320 1869 474 1946 augurium
494 1866 676 1928 Teucrorum
697 1875 817 1946 pectora
837 1867 954 1931 ducunt

144 1958 176 2011 ut
198 1951 318 2029 pelagus
340 1961 462 2012 tenuere
484 1958 561 2011 rates
578 1968 634 2012 nco
653 1952 711 2010 iam
727 1950 850 2028 amplius
873 1949 930 2010 ulla

144 2036 272 2095 occurrit
292 2034 391 2106 tellus,
414 2035 505 2095 maria
526 2034 655 2112 undique
676 2041 704 2094 et
724 2033 853 2112 undique
873 2033 1001 2095 caelum:

144 2117 193 2177 olli
216 2118 368 2180 caeruleus
389 2137 477 2197 supra
500 2126 588 2196 caput
607 2118 695 2178 astitit
715 2117 811 2178 imber
1130 2131 1166 2185 ιο

143 2210 260 2263 noctem
280 2202 465 2282 hiememque
487 2202 598 2272 ferens,
623 2210 651 2263 et
671 2202 819 2262 inhorruit
840 2199 917 2260 unda
938 2196 1083 2262 tenebris.

143 2285 206 2363 ipse
228 2285 407 2365 guberuator
428 2287 520 2365 puppi
541 2285 695 2346 Palinurus
717 2284 753 2346 ab
775 2284 833 2345 alta

145 2368 234 2430 ‘hcu!
257 2371 393 2446 quianam
415 2372 487 2431 tanti
505 2371 659 2431 cinxerunt
680 2369 799 2431 aethera
820 2364 927 2427 nimbit

144 2453 262 2532 quidve,
285 2460 368 2533 pater
392 2454 540 2533 Neptune,
560 2451 675 2530 parasi'
698 2455 741 2516 sic
763 2452 867 2513 deinde
887 2449 1002 2511 locutus

144 2535 283 2614 colligere
304 2555 385 2597 arma
407 2538 487 2599 iubet
508 2537 666 2615 validisque
688 2537 859 2598 incumbere
879 2532 985 2602 remis,
1131 2551 1166 2603 lt

144 2619 331 2701 obliquatque
350 2622 431 2682 sinus
450 2624 481 2682 in
502 2630 620 2682 ventum
642 2621 760 2681 actalia
783 2620 873 2680 satur:

140 2705 342 2782 ‘magnanime
362 2705 483 2775 Aenea,'
495 2722 569 2772 non,
588 2704 613 2764 si
633 2703 705 2764 mihi
724 2703 855 2782 luppiter
879 2708 981 2762 auctor

143 2787 298 2865 spondeat,
321 2788 379 2848 hoc
402 2805 519 2866 speram
539 2785 648 2846 ltaliam
672 2787 842 2864 contingere
860 2783 949 2846 caelo.

142 2871 245 2930 mutati
267 2878 431 2932 transuersa
453 2870 582 2930 fremunt
604 2877 632 2929 et
655 2887 777 2948 vespere
794 2870 829 2930 ab
850 2879 912 2930 atro

144 2961 326 3033 consurgunt
346 2953 438 3022 venti,
459 2961 546 3030 atque
568 2953 598 3012 iu
619 2951 729 3014 nubem
752 2955 866 3031 cogitur
887 2957 947 3012 aer.
1128 2964 1168 3021 ω

142 3055 197 3098 nec
218 3055 271 3097 uos
293 3035 384 3097 obniti
405 3044 507 3097 contra
527 3053 583 3096 nec
599 3035 720 3098 tendere
740 3046 852 3098 tanturn

142 3121 329 3181 sufficimus..
356 3127 476 3198 superat
496 3121 637 3198 quoniam
653 3121 798 3191 Fortuna,
819 3136 994 3197 sequamur,

143 3221 259 3282 quoque
278 3211 376 3273 uocat,
402 3211 548 3264 vertamus
570 3205 633 3265 iter.
678 3223 733 3266 nco
757 3203 841 3264 litora
862 3202 950 3278 louge

141 3285 198 3347 fida
219 3304 288 3348 reor
310 3286 437 3349 fraterna
459 3288 559 3367 Erycis
581 3295 742 3367 portusque
763 3288 897 3354 Sicanos,

142 3370 165 3429 si
187 3369 274 3430 modo
296 3371 352 3432 rite
374 3390 487 3434 memor
505 3379 619 3431 servata
638 3373 777 3431 remetior
800 3368 902 3430 astra.’
1129 3378 1172 3453 z·
