2400 3878
359 222 501 269 maana
525 220 725 270 ououorcon
749 223 773 270 u
1027 210 1067 270 45

63 387 143 438 creta
166 384 275 453 negant
296 373 367 435 alios
388 393 480 454 aeque
503 375 688 452 serpentibus
710 391 797 452 agros
1017 386 1068 439 att

62 458 178 521 dulcem
200 459 279 520 ferre
301 458 397 520 cibum
420 466 449 520 et
471 476 574 519 curvas
596 458 739 535 praebere
759 457 896 519 latebras.

62 562 137 621 quae
159 549 276 604 tenuem
299 542 414 603 exhalat
434 542 572 603 nebulam
593 542 748 620 fumosque
774 541 909 611 volucria,

62 635 91 687 et
112 626 185 686 bibit
206 644 340 688 umorem
363 633 405 695 et,
430 645 497 687 cum
518 625 592 694 volt,
616 645 651 686 ex
674 643 706 686 se
728 627 790 703 ipsa
812 627 940 695 remittit,

62 728 194 788 quaeque
215 728 269 771 suo
291 727 407 787 semper
430 710 514 770 viridi
535 728 566 770 se
588 710 720 787 gramine
741 710 851 777 vestit„

61 812 117 853 nec
139 793 236 854 scabie
259 801 288 856 et
310 792 385 853 salsa
406 792 494 854 laedit
515 793 648 869 robigine
671 794 798 852 ferrum:
1016 802 1067 854 220

60 875 107 936 illa
130 877 181 937 tibi
202 876 285 939 laetis
306 878 415 937 intexet
436 876 541 938 vitibus
562 875 667 945 ulmos,

60 958 108 1020 illa
130 962 211 1021 ferar
234 959 339 1028 oleost,
361 959 439 1020 illam
462 961 613 1038 experiere
636 959 757 1020 colendo

60 1050 89 1103 et
111 1043 224 1104 facilem
246 1045 346 1121 pecori
369 1051 398 1103 et
419 1046 577 1121 patientem
598 1045 725 1104 vomeris
747 1045 825 1104 unci.

59 1125 146 1187 talem
169 1127 248 1187 dives
269 1133 333 1187 arat
352 1126 450 1204 Capua
473 1134 502 1188 et
522 1129 614 1188 vicina
636 1127 764 1188 Vesaevo

60 1228 111 1269 ora
133 1211 201 1289 iugo
224 1218 253 1270 et
274 1211 372 1271 vacuis
394 1210 512 1271 Clanius
533 1229 591 1271 non
615 1229 724 1289 aequos
745 1210 871 1271 Acerris.
1016 1222 1066 1275 22⁵

101 1293 186 1353 Nunc
209 1311 266 1371 quo
289 1311 435 1372 quamque
457 1295 544 1359 modo
566 1297 661 1373 possis
684 1312 862 1372 cognoscere
885 1294 988 1355 dicam.

58 1392 127 1436 rara
150 1379 244 1436 sitan
268 1394 356 1453 supra
378 1396 491 1439 morem
514 1379 538 1437 si
561 1378 650 1438 densa
671 1380 807 1456 requires

60 1458 162 1539 (altera
184 1459 338 1520 frumentis
361 1462 497 1536 quoniam
520 1461 609 1529 favet,
634 1462 724 1521 altera
747 1459 872 1527 Baccho,

59 1543 150 1603 densa
172 1544 265 1620 magis
288 1540 402 1612 Cereri,
426 1545 574 1603 rarissima
597 1561 729 1621 quaeque
751 1541 869 1620 Lyaeo),

58 1632 126 1687 ante
146 1625 244 1686 locum
268 1626 365 1702 capies
386 1625 477 1685 oculis
497 1624 612 1703 alteque
627 1625 741 1686 iubebis
1016 1637 1067 1692 230

58 1711 87 1769 in
110 1709 202 1769 solido
226 1716 345 1787 puteum
368 1708 479 1769 demitti
500 1727 675 1787 omnemque
696 1727 823 1786 repones

57 1811 146 1854 rusus
167 1793 290 1852 humum
313 1799 342 1851 et
362 1792 486 1869 pedibus
508 1810 637 1853 summas
658 1792 797 1871 aequabis
818 1792 952 1854 harenas.

59 1877 83 1935 si
105 1876 226 1945 derunt,
249 1893 350 1935 rarum
371 1877 530 1955 pecorique
553 1883 581 1937 et
602 1876 708 1936 vitibus
731 1874 814 1936 almis

59 1961 154 2037 aptius
176 1959 251 2019 uber
274 1959 343 2027 erit;
367 1960 411 2019 sin
434 1961 462 2019 in
486 1978 539 2021 sua
560 1978 648 2037 posse
669 1960 820 2036 negabunt

57 2044 100 2103 ire
121 2041 184 2102 loca
208 2050 237 2104 et
259 2043 413 2103 scrobibus
436 2043 586 2120 superabit
607 2051 686 2104 terra
708 2043 836 2120 repletis,
1014 2054 1065 2109 235

58 2128 168 2204 spissus
191 2142 276 2202 ager:
299 2126 417 2205 glaebas
441 2128 603 2187 cunctantis
626 2144 782 2204 crassaque
804 2132 885 2205 terga

58 2216 178 2287 expecta
201 2217 229 2269 et
250 2210 351 2270 validis
373 2217 482 2270 terram
504 2211 660 2287 proscinde
681 2212 819 2271 iuvencis.

57 2291 133 2353 salsa
155 2300 251 2354 autem
273 2292 360 2354 tellus
382 2301 411 2354 et
432 2313 507 2372 quae
528 2294 701 2372 perhibetur
723 2312 830 2361 amara,

57 2375 191 2452 frugibus
213 2377 312 2437 infelix
335 2383 377 2456 fea
399 2394 455 2437 nec
476 2380 654 2439 mansuescit
675 2379 795 2447 arando,

56 2477 112 2519 nec
136 2459 248 2520 baccho
271 2478 364 2537 genus
386 2467 436 2521 aut
456 2461 551 2537 pomis
573 2479 625 2521 sua
647 2463 764 2520 nomina
787 2464 893 2535 servat)
1016 2468 1066 2521 tto

56 2540 113 2603 tale
136 2542 215 2602 dabit
238 2544 401 2618 specimen:
423 2548 455 2602 tu
479 2545 572 2619 spisso
594 2544 700 2602 vimine
722 2542 835 2620 quallos

57 2624 180 2703 colaque
202 2625 353 2702 prelorum
375 2623 497 2684 fumosis
520 2624 620 2701 deripe
642 2625 742 2693 tectis;

56 2709 116 2769 huc
138 2724 208 2784 ager
230 2706 277 2768 ille
300 2706 394 2768 malus
417 2707 575 2785 dulcesque
598 2727 613 2767 a
636 2707 766 2769 fontibus
787 2708 882 2769 undae

57 2790 234 2868 adplenum
258 2790 421 2852 calcentur:
445 2808 520 2870 aqua
542 2789 716 2852 eluctabitur
739 2793 833 2851 omnis

57 2874 166 2936 sedicet
188 2883 217 2936 et
239 2875 365 2952 grandes
387 2875 470 2935 ibunt
491 2892 545 2952 per
567 2877 671 2936 vimina
695 2882 811 2952 guttae;

57 2966 86 3018 at
109 2975 195 3036 sapor
217 2960 355 3020 indicium
378 2959 464 3020 faciet
485 2960 671 3029 manifestus,
695 2965 723 3019 et
745 2977 796 3019 ora

56 3043 149 3103 tristia
171 3049 362 3120 temptantum
387 3061 475 3104 sensu
496 3042 646 3122 torquebit
667 3061 793 3103 amaror.

56 3128 173 3205 pinguis
195 3128 265 3187 item
288 3145 361 3205 quae
384 3128 420 3186 sit
442 3126 542 3196 tellus,
565 3128 622 3187 boc
644 3127 770 3205 denique
792 3136 878 3205 pacto

57 3210 211 3269 discimus:
233 3211 305 3271 haut
326 3229 466 3289 umquam
489 3211 623 3271 manibus
645 3211 748 3270 iactata
770 3210 884 3278 fatiscit,

57 3291 108 3352 sed
123 3294 195 3370 picis
217 3293 246 3352 in
269 3312 382 3354 morem
403 3294 440 3353 ad
463 3295 567 3372 digitos
588 3292 723 3354 lentescit
743 3293 886 3353 habendo.

59 3376 155 3436 umida
178 3377 295 3436 maioris
316 3376 425 3437 herbas
447 3377 510 3448 alit,
533 3380 654 3456 ipsaque
676 3378 752 3437 iusto

57 3458 170 3520 laetior.
207 3477 223 3518 a
245 3460 367 3520 nimium
388 3477 425 3520 ue
448 3461 485 3521 sit
505 3462 576 3521 mihi
598 3459 700 3521 fertilis
722 3458 769 3520 illa
