2454 3936
167 183 227 247 156
496 194 640 243 venium
662 194 788 244 nnnms
810 193 864 242 nu

164 350 255 418 misit,
278 350 323 410 avi
346 348 462 421 similis,
481 367 556 429 quae
578 348 690 412 circum
711 348 811 419 litora,
835 350 946 411 circum

164 434 295 511 piscosos
317 432 453 511 scopulos
474 431 591 494 humilis
612 431 688 493 velat
710 449 839 510 aequora
860 435 948 495 iuxta.

165 515 251 596 [haut
271 515 354 578 aliter
375 525 470 578 terras
492 519 568 578 inter
590 515 762 595 caelumque
784 515 899 577 volabat

165 599 232 660 litus
250 601 427 663 harenosum
450 601 486 663 ad
507 600 615 678 Libyae
636 607 795 678 ventosque
814 599 931 661 secabat

164 690 297 744 materno
320 686 438 746 veniens
457 684 493 745 ab
515 703 567 745 avc
589 682 714 763 Cyllenia
736 681 859 763 proles]

164 773 196 829 ut
216 769 344 845 primum
363 767 446 828 slatis
467 769 560 845 tetigit
581 767 703 843 magalia
724 766 845 846 plantis,

167 851 282 912 lenean
303 851 475 913 fundantem
496 868 580 913 arces
597 868 632 911 ac
653 857 727 912 tecta
747 856 903 911 novantem

164 936 315 1012 conspicit.
359 943 446 1013 atque
467 935 508 996 illi
529 933 659 996 stellatus
680 934 792 1012 iaspide
813 933 890 995 fulva

164 1019 241 1077 ensis
263 1025 340 1087 erat,
363 1019 511 1098 Tyrioque
529 1017 652 1080 ardebat
672 1019 785 1079 murice
806 1016 889 1078 laena

88 1158 91 1163 .
166 1100 292 1161 demissa
315 1120 350 1162 ex
372 1104 496 1172 umeris,
519 1103 599 1164 dives
621 1119 696 1180 quae
717 1118 840 1162 munera
861 1101 934 1163 Dido

164 1182 274 1244 iecerat
295 1192 323 1246 et
344 1187 426 1245 tenui
449 1184 521 1246 telas
545 1187 723 1247 discreverat
744 1202 826 1246 auro.

164 1269 301 1328 continuo
323 1269 445 1329 invadit:
470 1276 517 1330 ‘tu
539 1288 619 1330 nuuc
638 1269 824 1346 Karthaginis
843 1267 918 1328 altae

163 1348 351 1413 fundamenta
372 1351 452 1413 locas
474 1353 687 1432 pulchramque
711 1353 832 1413 uxorius
853 1351 957 1412 urbem

164 1437 274 1496 extruis
296 1436 355 1497 heu
375 1439 460 1515 regni
477 1454 638 1515 rerumque
659 1435 748 1497 oblite
770 1436 905 1496 tuarum?

164 1519 225 1596 ipse
249 1519 337 1581 deum
357 1520 409 1580 tibi
430 1539 479 1583 me
501 1521 580 1582 claro
602 1521 727 1581 demittit
748 1518 871 1598 Olympo

162 1610 317 1678 regnator,
341 1603 455 1666 caelum
473 1624 508 1667 ac
529 1612 625 1667 terras
651 1605 700 1683 qui
717 1603 838 1663 numine
858 1608 989 1680 torquet,

163 1686 226 1764 ipse
246 1686 320 1747 haec
342 1687 422 1750 lerre
441 1688 523 1750 iubet
545 1689 650 1750 celeris
671 1687 807 1747 mandata
822 1703 877 1763 per
899 1701 999 1746 auras:

163 1769 234 1846 quid
255 1771 362 1830 struisl
383 1778 433 1832 aut
455 1789 512 1850 qua
532 1790 584 1849 spe
605 1770 720 1849 Libycis
740 1770 809 1829 teris
831 1770 888 1829 otia
909 1767 1014 1829 terris?

162 1853 187 1910 si
207 1857 237 1910 te
258 1851 337 1912 nulla
357 1861 453 1941 mcpet
475 1861 622 1914 tantarum
643 1852 735 1931 gloria
755 1870 875 1922 rerum,

162 1935 319 1995 Ascanium
338 1943 509 2015 surgentem
532 1945 560 1998 et
580 1952 648 2013 spes
669 1935 785 1996 heredis
805 1934 858 1995 luli

162 2020 293 2095 respice,
318 2019 364 2080 cui
385 2038 511 2098 regnum
531 2018 629 2081 ltaliae
651 2019 841 2096 Romanaque
863 2017 948 2080 tellus

162 2100 336 2162 debentur.'
380 2103 429 2162 tali
452 2103 596 2183 Cyllenius
616 2121 667 2163 cre
685 2101 801 2163 locutus

161 2184 292 2245 mortalis
312 2185 390 2246 snus
408 2187 505 2248 medio
525 2204 663 2248 sermone
683 2186 814 2264 reliquit,

162 2274 191 2328 et
212 2267 316 2346 procul
339 2270 368 2329 in
386 2277 506 2332 tenuem
525 2290 560 2333 ex
583 2269 674 2331 oeulis
697 2269 812 2330 evanuit
832 2285 942 2329 auram.

203 2351 241 2411 At
261 2370 331 2414 vero
352 2354 464 2415 Aeneas
486 2362 606 2434 aspectu
625 2353 771 2414 obmutuit
793 2370 910 2428 amens,

162 2444 353 2515 arrectaeque
373 2438 500 2500 herrore
522 2455 638 2508 cumae,
662 2445 692 2499 et
711 2454 768 2497 vox
788 2435 921 2498 faucibus
940 2435 1041 2497 haesit.

162 2520 245 2581 ardel
267 2520 348 2582 abire
369 2522 437 2599 iuga
456 2522 607 2601 dulcisque
628 2521 795 2601 relinquere
818 2527 926 2591 terras,

162 2605 301 2665 attonitus
320 2611 401 2665 tante
419 2608 532 2668 monitu
551 2609 735 2685 imperioque
755 2606 888 2666 deorum.

162 2687 219 2748 heu
241 2689 310 2767 quid
332 2691 416 2766 agat?
436 2709 494 2769 que
512 2708 592 2753 nunc
613 2692 746 2767 reginam
768 2688 880 2749 arrrbne
898 2689 1042 2749 furentem

162 2771 267 2830 audeat
289 2772 395 2833 allatu?
416 2791 490 2852 quae
507 2776 602 2851 prima
623 2774 742 2834 exordia
761 2771 876 2831 sumat?

161 2861 248 2931 atque
269 2857 397 2916 animum
419 2874 498 2915 nunc
520 2856 578 2916 huc
600 2855 741 2924 celerem,
769 2869 848 2912 nunc
870 2851 969 2912 dividit
990 2849 1074 2910 illuc:

163 2933 206 3015 [in
227 2939 376 3015 partisque
398 2940 474 3016 rapit
493 2939 587 2998 varias
608 2955 722 3015 perque
743 2936 840 2994 emnia
861 2933 969 3012 uersat]

161 3019 233 3078 haec
255 3019 410 3081 alternanti
428 3022 525 3098 potior
545 3021 687 3081 sententia
709 3019 769 3078 visa
787 3026 840 3077 est.

160 3101 310 3164 Mnesthea
332 3104 561 3182 Sergestumque
583 3110 667 3163 vocat
687 3103 852 3178 fortemque
872 3100 1037 3172 Serestum,

160 3184 283 3246 classem
305 3195 405 3265 aptent
422 3187 501 3248 taciti
522 3188 675 3266 sociosque
694 3185 730 3247 ad
751 3183 836 3245 litora
858 3191 978 3260 cogant,

161 3288 241 3331 arma
263 3277 428 3347 parentet,
451 3289 526 3350 quae
548 3271 637 3332 rebus
659 3271 696 3332 sit
713 3285 800 3331 causa
823 3268 977 3338 nouandis,

159 3389 361 3400 ——-—-

158 3457 209 3498 nec
224 3459 307 3518 super
325 3443 383 3518 ipse
400 3451 446 3502 tua
462 3441 567 3501 moliris
585 3443 664 3501 laude
678 3442 798 3499 lahorem
