2400 3878
282 241 311 286 P.
330 239 470 287 iuuetur
492 238 646 287 MARONIS
668 239 855 290 unuunrlo.
998 240 1072 289 XVII

72 401 100 456 ln
124 396 246 455 bucolico
267 413 368 472 genere
385 397 475 452 rivalis
500 405 580 470 poeta
600 404 628 453 et
652 399 679 453 in
704 399 755 454 hac
775 399 869 472 ecloga
883 397 919 470 (v.
938 397 988 470 11)
1004 407 1030 454 et
1045 401 1073 454 iu

72 483 184 556 septima
204 499 229 537 v.
246 480 285 536 22
301 498 362 554 aqq.
382 480 522 536 vellicatur
543 480 666 552 Codrus,
696 497 775 554 quem
795 483 898 538 etiamsi
911 481 1021 552 Valgius
1046 481 1073 538 in

73 565 166 639 elegiis
181 562 279 620 Cinnae
294 572 322 620 et
336 563 487 620 Demodoco
502 564 724 637 aequiparaverit.
740 564 873 637 Vergilius
889 572 977 620 tamon
993 567 1073 639 ‘pro-

72 649 141 703 xima
160 645 262 703 Phoebi
282 647 401 703 versibus
422 646 527 703 iacere'
548 662 647 704 merem
666 664 716 721 per
734 648 847 703 ironiam
862 647 998 705 concedit:
1021 647 1074 702 tale

72 732 141 786 enim
157 729 236 786 Codri
252 731 451 803 amicorumque
466 732 523 786 eius
537 731 664 787 iudicium
679 740 744 792 erat,
759 731 817 804 ipse
832 731 966 788 ‘crescens
981 739 1074 805 poetas

71 815 159 887 iurgia
180 821 207 869 et
227 813 325 869 fastum
341 823 369 870 et
389 813 511 869 invidiam
527 815 678 887 arrogantis
698 814 813 869 hominis
828 814 936 870 videtur
950 813 1074 888 expertu’

72 891 172 967 esse1).
203 913 269 970 ergo
285 898 392 952 minime
406 896 481 952 solus
497 905 542 952 aut
562 899 664 971 primus
680 897 805 953 Sicelidas
820 914 909 954 musas
929 900 957 954 ln
973 897 1074 953 Latium

72 978 224 1041 transtulit,
240 979 288 1035 sed
302 981 411 1054 ingenio
423 986 451 1035 et
466 988 523 1036 arte
538 980 693 1037 antecelluit
709 979 905 1052 ‘Euphorionis
921 980 1074 1037 cantores’.

72 1063 209 1120 Anserem
224 1079 342 1118 amorum
357 1071 466 1136 poetam
480 1063 513 1118 ab
525 1063 616 1119 Ouidio
633 1066 702 1120 trist.
715 1064 737 1118 ll
752 1063 812 1120 435
828 1066 902 1119 iuxta
917 1081 977 1120 curn
993 1064 1075 1119 Cinna

73 1154 101 1203 et
115 1145 257 1202 Cornificio
278 1154 306 1202 et
320 1146 420 1202 Catone
440 1145 575 1202 laudatum
596 1163 643 1202 cur
663 1148 691 1201 in
714 1147 776 1202 odio
797 1147 919 1203 habuerit
940 1148 981 1203 vel
1002 1147 1075 1220 parri

73 1230 264 1292 aestimaverit,
281 1231 352 1285 utin
368 1229 417 1286 ecl.
433 1229 467 1285 111
482 1229 521 1287 36
538 1231 656 1303 quamvis
673 1229 781 1303 oblique
796 1238 933 1304 tangeret,
949 1230 1074 1286 traditum

73 1320 193 1368 nonest.
229 1312 276 1367 scd
298 1313 343 1368 ille
358 1330 418 1369 cum
437 1314 465 1368 in
481 1312 514 1367 11.
530 1314 639 1368 Antonii
659 1313 784 1368 Mutinam
800 1329 891 1369 mense
906 1314 1000 1369 llartlo
1016 1314 1076 1368 anni

75 1395 134 1452 711
152 1398 332 1469 oppugnantis
345 1397 457 1451 cohorte
469 1397 579 1469 eiusque
594 1413 637 1450 res
653 1404 742 1469 gestas
757 1405 880 1470 poemate
892 1397 1075 1468 descripturus

74 1477 168 1547 inerit,
191 1477 306 1533 tortasse
321 1487 401 1550 poeta
415 1486 509 1533 noster
529 1485 586 1532 tum
602 1480 730 1551 temporis
746 1495 761 1533 a
775 1487 884 1533 senatus
900 1487 927 1534 et
944 1478 1076 1533 Octaviani

73 1558 195 1634 partibus
216 1561 301 1615 stetit.
339 1566 459 1615 ceterum
473 1576 568 1615 vereor
589 1576 622 1615 ne
638 1561 709 1615 dono
726 1576 834 1633 quoque
849 1563 906 1634 agri
927 1561 1029 1616 Falerni
1045 1561 1076 1616 ab

74 1644 191 1699 Antonio
207 1645 309 1716 accepti
325 1650 413 1698 vatum
428 1644 530 1698 animos
545 1641 590 1698 ille
605 1637 786 1712 irritaveru2).

74 1822 173 1886 nificii,
190 1838 244 1873 non
262 1823 343 1872 Bavii
361 1825 409 1871 aut
430 1822 534 1872 Maeuii
552 1821 674 1885 (Servius
691 1821 727 1872 ad
745 1838 788 1887 ge.
806 1825 820 1872 1
838 1824 896 1886 210)
917 1837 977 1874 esse
994 1824 1067 1875 verri

74 1890 170 1942 culum.
206 1893 352 1954 praeterea
369 1888 432 1940 vide
451 1889 574 1954 prolegg.
593 1905 619 1953 p.
636 1891 652 1938 2
671 1903 711 1953 sq.

143 1955 162 2022 ¹)
181 1961 190 1988 ‘
197 1957 297 2008 Codrus
317 1962 395 2020 poeta
417 1958 526 2007 eiusdem
547 1958 668 2020 temporie
686 1957 749 2019 fuit,
771 1965 798 2005 ut
819 1958 924 2021 Valgius
945 1960 971 2007 iu
993 1959 1079 2021 elegite

73 2025 126 2074 cuia
142 2026 239 2087 ναίοντ’
259 2024 372 2074 Servius
389 2022 424 2071 ad
441 2023 494 2073 ecl.
512 2024 566 2074 Vll
583 2026 624 2071 22.
644 2025 771 2073 ‘similiter
788 2031 870 2074 autem
887 2025 952 2074 bunc
970 2026 1078 2074 Codrum

74 2093 100 2140 ic
118 2093 204 2156 elepiia
225 2091 329 2154 Vulpius
345 2092 482 2152 honorifice
499 2092 612 2154 appellat
630 2096 655 2140 et
672 2093 779 2155 quadam
796 2096 822 2140 iu
833 2095 922 2155 ecloga
938 2093 970 2141 de
982 2106 1013 2142 eo
1029 2092 1078 2140 cit:

223 2157 370 2222 Codrusque
386 2159 428 2207 ille
446 2159 515 2206 canit
532 2159 601 2222 quali
618 2163 644 2206 tu
660 2173 720 2208 uoce
738 2158 848 2208 canebas

275 2232 350 2289 atque
367 2225 432 2274 solet
448 2239 564 2274 numeror
581 2225 680 2287 dicere,
700 2224 792 2282 Cinna,
812 2233 877 2283 toros,

225 2293 367 2343 dulciorati
385 2307 514 2355 numquam
531 2292 604 2356 Pylio
619 2292 775 2355 profluxerit
792 2307 837 2342 ore

276 2358 394 2409 Nestoris
412 2367 455 2408 aut
472 2360 546 2408 docto
561 2366 668 2422 pectore
685 2359 839 2410 Demodoci'

76 2441 100 2476 e.
119 2441 143 2490 q.
162 2443 184 2476 n.
204 2425 288 2476 schol.
306 2427 405 2478 Veron.
424 2424 460 2474 ad
482 2425 500 2474 l.
524 2424 543 2473 l.
567 2440 630 2474 nam
647 2425 689 2475 sic
706 2425 736 2474 iu
753 2426 906 2477 Veronensi
924 2425 1017 2475 codice
1037 2440 1079 2475 ex-

76 2498 137 2543 tare
155 2507 242 2555 nuper
263 2492 293 2540 in
314 2491 493 2542 Fleckeiseni
511 2491 657 2541 annalibus
675 2507 699 2540 a.
720 2492 785 2541 1866
803 2508 830 2556 p.
850 2494 882 2540 66
900 2495 1020 2541 testatus
1037 2495 1080 2541 eet

75 2559 267 2609 Buechelerus.
302 2558 479 2607 ariolatione!
501 2556 639 2606 hominum
650 2557 791 2606 doctorum
808 2559 944 2608 refutavit
955 2558 1081 2621 Ungerue

78 2625 123 2688 (de
138 2625 167 2675 C.
180 2622 273 2686 Valgii
285 2622 347 2674 Rufi
359 2624 493 2686 poematis
506 2638 531 2686 p.
544 2625 576 2671 66
589 2623 674 2686 sqq.):
688 2624 759 2687 quod
771 2629 863 2673 tamen
875 2624 935 2686 ipse
947 2623 1081 2672 Graecum

77 2692 165 2742 fuisse
188 2696 298 2755 poetam
321 2689 464 2740 contendit
491 2704 541 2739 nec
567 2690 700 2754 probatur
720 2688 813 2754 Valgii
835 2691 1032 2754 epigrammate
1054 2692 1082 2740 et

79 2757 216 2810 refellitur
232 2756 325 2808 verbis
342 2756 467 2820 Vergilii.

143 2825 162 2882 ²)
181 2826 286 2874 ‘alludit
302 2826 338 2875 ad
355 2823 478 2874 Auserem
496 2825 619 2888 quendam
636 2823 745 2874 Antonii
758 2831 873 2887 poetam,
898 2827 941 2889 qui
957 2825 1011 2874 cius
1028 2826 1081 2874 luu-

77 2896 122 2944 dea
138 2892 277 2951 rcribebat,
300 2908 371 2956 quem
392 2892 423 2941 oh
445 2892 492 2941 hoc
513 2908 563 2955 per
586 2894 718 2941 transitum
739 2895 845 2955 carpsit.
882 2894 914 2941 de
937 2891 984 2940 hoc
1007 2893 1081 2941 etium

77 2960 171 3010 Cicero
183 2962 210 3009 iu
226 2960 378 3023 Philippicis
396 2958 475 3020 (XIII
488 2960 517 3020 6,
531 2956 573 3020 11)
592 2960 669 3008 dicit:
687 2963 751 3007 “cx
768 2974 831 3022 apro
843 2960 955 3009 Falerno
967 2959 1082 3009 Aroteres

77 3029 267 3090 depellentur.’'
302 3028 382 3090 ipsum
404 3027 467 3076 enim
490 3041 576 3090 aprum
598 3027 622 3075 ei
645 3028 785 3077 donauerat
808 3026 947 3077 Antonius’
972 3025 1082 3076 Servius

77 3094 113 3143 ad
130 3092 178 3142 ccl.
191 3093 230 3142 IX
248 3096 289 3155 36,
307 3093 345 3146 cf.
364 3092 478 3158 glossar.
498 3092 593 3143 Barth.
612 3107 637 3157 p.
656 3096 706 3144 373
724 3095 758 3143 L.
792 3109 847 3142 non
865 3092 978 3142 multum
996 3093 1082 3142 tribu·

77 3161 144 3210 erim
161 3160 218 3210 his:
236 3161 357 3223 ‘Thyrsis
368 3175 428 3211 uero
441 3160 485 3224 qui
494 3161 603 3210 uincitur
618 3159 722 3224 Virpitir·
738 3160 906 3217 obtrectator,
924 3161 1021 3209 scilicet
1038 3167 1082 3208 out

77 3226 172 3277 Bauius
189 3233 234 3277 eui
251 3229 400 3278 Arserunt
417 3228 533 3277 Maeuius
551 3225 675 3291 [pessimi]
695 3231 811 3291 poetae’,
830 3241 900 3291 quae
919 3226 1031 3277 Servius
1048 3226 1083 3275 ad

78 3294 129 3344 ecl.
153 3295 206 3346 VH
228 3297 260 3343 m
284 3294 436 3348 adnotavit.
483 3295 612 3359 graviora
634 3293 733 3343 Cicero
756 3293 773 3341 l.
796 3293 813 3345 1.
843 3296 930 3358 ‘eique
953 3295 996 3357 qui
1016 3307 1082 3342 nunc

78 3361 203 3410 Mutinam
220 3369 379 3426 oppugnant,
403 3363 438 3410 D.
457 3360 564 3410 Brutum
581 3361 707 3416 obsident.
727 3362 759 3410 de
777 3361 888 3410 Falerno
906 3361 1021 3409 Anseres
1039 3361 1082 3410 de·

76 3429 223 3490 pellantur?
257 3428 373 3494 Vergilii
396 3428 485 3477 locum
509 3427 620 3477 dubium
638 3431 754 3475 nonest
777 3429 841 3491 quin
864 3426 996 3491 respiciat
1015 3427 1082 3476 Pro-

79 3493 185 3560 pertius
206 3495 235 3544 in
251 3495 343 3559 elegia
363 3494 413 3544 illa
430 3494 472 3546 111
491 3493 541 3548 (Ill
560 3495 606 3552 64,
628 3493 676 3543 ubi
694 3498 756 3556 post
772 3509 798 3544 v.
816 3496 848 3544 66
871 3494 944 3543 hunc
962 3491 1084 3543 ordinem

130 3591 292 3637 urrunnun,
310 3593 427 3629 vnaorr..
858 3580 879 3637 b
