2400 3878
145 224 208 286 290
483 232 630 282 vnnornr
645 233 770 282 sonmo
790 235 811 280 x

147 391 177 450 ni
200 390 320 450 fratrum
342 390 445 467 stipata
469 387 578 450 cohors
600 390 676 450 ioret
698 388 790 461 obvia,
814 387 921 449 Phorci

145 475 311 553 progenies,
334 481 448 551 septem
470 489 613 534 numero:
636 481 816 554 septenaque
838 470 894 533 tela

147 558 304 626 coniciunt,
327 558 433 634 partim
455 555 538 633 galea
560 556 714 636 clipeoque
736 556 879 618 resultant
1112 562 1168 619 88⁰

146 641 241 712 inrita,
266 638 383 701 dcilexit
402 641 511 718 partlm
528 642 698 719 stringentia
722 658 829 719 corpus

146 723 222 786 alma
244 722 350 784 Venus.
384 723 477 787 fidum
496 727 608 787 Aeneas
630 724 746 786 adfatur
767 724 915 785 Achaten:

147 818 288 886 ‘suggere
309 808 367 869 tela
388 807 478 870 mihi:
502 827 561 870 non
580 809 673 870 ullum
696 809 815 870 dextera
838 808 947 869 irustra

147 893 265 952 torserit
281 893 311 951 in
333 889 467 964 Rutulos,
491 900 633 955 steterunt
655 912 729 971 quae
751 894 781 953 in
802 909 929 971 corpore
950 891 1070 953 Graium

148 975 241 1036 Iliacis
264 975 395 1058 campis!
428 987 490 1039 tum
513 995 649 1056 magnam
673 976 795 1055 corripit
819 976 932 1038 hastam
1112 983 1168 1036 dno

148 1069 176 1121 et
196 1061 279 1123 iacit:
299 1060 348 1123 illa
371 1061 471 1124 volans
493 1061 578 1139 clipei
600 1060 819 1122 transverberat
842 1078 910 1122 aera

148 1147 279 1207 liaconis
303 1154 332 1207 et
351 1146 473 1207 thoraca
494 1143 581 1206 simul
603 1163 669 1206 curu
692 1151 814 1224 pectore
837 1144 956 1223 rumpit.

148 1232 216 1292 huic
234 1231 325 1291 irater
348 1229 426 1291 subit
447 1227 574 1291 Alcanor
594 1230 776 1307 fratremque
798 1237 933 1290 ruentem

149 1322 293 1377 sustentat
311 1313 430 1376 dextra:
453 1315 572 1374 traiecto
594 1314 681 1373 missa
703 1312 813 1375 lacerto

147 1400 282 1478 protinus
301 1397 383 1459 hasta
404 1398 477 1477 lugit
499 1406 653 1477 servatque
674 1405 795 1459 cruenta
817 1403 960 1465 tenorem,

150 1484 328 1562 dexteraque
351 1501 386 1544 ex
409 1500 512 1544 umero
533 1483 629 1544 nervis
649 1481 825 1543 moribunda
847 1480 996 1561 pependit.

149 1581 212 1628 tum
232 1567 366 1629 Numitor
385 1566 480 1628 iaculo
499 1567 599 1628 fratris
621 1567 658 1627 de
679 1584 805 1645 corpore
828 1574 912 1643 rapto

148 1654 266 1712 Aenean
288 1651 385 1730 petiit;
409 1651 460 1712 sed
483 1669 542 1711 non
565 1661 593 1712 et
614 1651 705 1727 ligere
728 1657 830 1711 contra

149 1744 192 1796 est
212 1733 332 1804 hcitum,
355 1735 511 1814 magnique
534 1736 630 1795 lemur
652 1735 821 1812 perstrinxit
844 1731 979 1794 Achatae.

149 1819 199 1878 hic
219 1817 342 1879 Curibus
364 1819 457 1879 fidens
479 1820 628 1895 primaevo
651 1835 777 1894 corpore
799 1816 921 1878 Clausus

149 1902 268 1963 advenit
285 1909 314 1963 et
334 1901 428 1980 rigida
450 1901 596 1980 Dryopem
618 1900 686 1962 ierit
707 1902 820 1961 eminus
842 1901 925 1961 hasta

149 1984 204 2046 sub
228 1994 360 2047 mentum
381 1985 508 2064 graviter
528 2002 630 2063 pressa
651 1985 821 2064 pariterque
840 1985 986 2064 loquentis

149 2088 251 2131 vocem
274 2070 460 2146 animamque
482 2068 559 2147 rapit
581 2069 703 2129 traiecto
726 2075 859 2146 gutture3
881 2075 911 2128 at
928 2067 977 2130 ille
1064 2064 1074 2083 '

150 2153 246 2214 honre
268 2153 335 2214 ierit
356 2160 466 2230 terram
489 2160 519 2215 et
541 2170 672 2214 crassum
694 2154 786 2214 vomit
806 2172 858 2215 ore
880 2171 1027 2215 cruorem.

149 2245 209 2298 tres
232 2255 349 2318 quoque
363 2237 533 2301 Thraeicios
547 2237 661 2299 boreae
683 2238 828 2315 degente
850 2255 987 2315 suprema

149 2329 177 2381 et
198 2322 260 2392 tris,
286 2339 360 2401 quos
380 2320 446 2382 ldas
467 2330 551 2400 pater
573 2327 602 2383 et
624 2323 718 2401 patria
739 2321 850 2384 Ismara
869 2322 963 2391 mittit,

148 2424 201 2484 per
222 2406 318 2466 varios
341 2406 445 2467 sternit
465 2423 558 2468 casus.
593 2409 721 2468 accurrit
738 2406 881 2468 Halaesus

147 2490 360 2568 Auruncaeque
382 2507 494 2562 manus,
517 2490 595 2554 subit
617 2501 645 2552 et
666 2492 810 2572 Neptunia
832 2488 941 2570 proles,

150 2574 272 2653 insignis
291 2574 441 2655 Messapus
462 2576 555 2654 equis.
587 2574 733 2655 expellere
754 2576 877 2637 tendunt

151 2675 229 2718 nunc
251 2659 291 2728 hi,
312 2677 391 2720 nunc
408 2658 465 2728 illi;
488 2668 617 2721 certatur
639 2657 739 2720 limine
760 2660 791 2719 in
813 2660 878 2737 ipso

148 2742 303 2803 Ausoniae.
337 2760 443 2819 magno
466 2743 616 2805 discordes
637 2743 756 2804 aethere
777 2743 855 2803 venti

148 2824 257 2903 proelia
279 2843 333 2886 ceu
352 2825 457 2886 tollunt
475 2827 579 2888 animis
598 2833 627 2886 et
647 2825 757 2887 viribus
779 2826 880 2905 aequis

149 2909 218 2984 (non
240 2909 296 2985 ipsi
316 2909 393 2968 inter
413 2927 454 2976 se,
477 2926 537 2968 non
558 2907 665 2976 nubila.
688 2927 747 2968 non
769 2925 851 2969 mare
874 2906 967 2973 cedit;

147 3008 255 3068 anceps
276 3007 374 3068 pugna
395 2989 454 3059 diu,
477 2998 555 3050 stant
577 2989 683 3051 obnixa
704 2992 800 3051 omnia
821 2989 951 3069 conosi:

148 3075 218 3134 haut
239 3072 321 3135 aliter
339 3072 483 3134 Troianae
502 3074 579 3135 acies
598 3075 733 3152 aciesque
752 3075 871 3136 Latinae

149 3166 343 3227 concurrunt;
366 3157 470 3219 haeret
488 3157 565 3237 pede
586 3176 639 3237 pes
660 3157 826 3238 densusque
847 3160 908 3220 viro
931 3160 982 3219 vir.

190 3244 226 3301 At
246 3249 331 3321 parte
353 3261 389 3303 ex
410 3240 473 3313 alia,
497 3260 555 3321 qua
575 3261 644 3303 saxa
666 3244 790 3304 rotantia
810 3243 868 3304 late

149 3325 292 3406 inpulerat
305 3330 427 3388 'torrens
447 3325 624 3407 arbustaque
646 3327 741 3388 diruta
763 3328 843 3406 ripis,

149 3411 276 3472 Arcadas
294 3411 425 3473 insuetos
447 3411 524 3472 acies
544 3411 655 3474 inferre
675 3412 820 3491 pedestris

149 3502 180 3559 ut
200 3496 270 3558 uidit
290 3493 384 3557 Pallas
403 3495 485 3555 Lade
507 3495 578 3558 dare
599 3504 682 3576 terga
703 3498 821 3577 sequaci
