2400 3878
510 199 609 247 cutte.

62 348 194 409 Alcathoi
215 348 398 429 Phoebique:
422 352 493 412 deus
515 371 641 432 namque
663 352 755 413 adfuit
776 351 833 422 illi;

60 434 137 492 unde
161 435 248 492 etiarn
271 434 400 495 citharae
421 455 508 496 voces
523 438 652 497 imitatus
674 445 773 496 acutas

60 535 148 595 saepo
171 515 244 596 lapis
267 527 403 597 recrepat
426 519 555 598 Cyllenia
577 537 728 580 murmura
752 517 851 598 pulsus

60 609 90 660 et
110 608 238 659 veterem
261 602 358 659 sonitu
380 603 491 663 Phoebi
513 610 636 665 testatur
658 620 798 662 amorem.

59 684 135 742 hanc
157 682 261 743 urbem
284 691 351 743 ante
374 684 445 744 alios
468 689 517 766 qui
539 694 601 747 tum
623 685 748 746 florebat
768 688 799 745 in
822 687 911 747 armis

60 768 170 826 fecerat
191 767 326 827 infestam
348 769 504 846 populator
526 772 637 848 remige
659 770 762 839 nitnos,

58 850 185 927 hospitio
207 851 284 929 quod
306 868 338 910 se
360 852 422 911 Nisi
444 852 579 932 Polyidos
601 855 676 913 avito

60 933 248 1011 Carpathium
272 933 387 1011 fugiens
410 944 438 996 ct
461 937 579 997 flumina
603 938 742 997 Caeratea

60 1025 180 1076 texerat.
203 1018 282 1077 hune
305 1017 381 1077 bello
403 1029 543 1098 repetens
566 1021 721 1098 Gortynius
743 1020 832 1080 heros

58 1101 151 1159 Attica
174 1101 294 1160 Cretaea
317 1103 465 1163 sternebat
486 1123 556 1164 rura
578 1105 691 1182 sagitta.

58 1183 108 1241 sed
132 1202 228 1260 neque
252 1193 320 1243 tunc
344 1187 420 1246 cives
443 1206 538 1268 neque
560 1196 630 1248 tunc
652 1205 706 1248 rex
727 1188 790 1265 ipse
812 1194 930 1248 veretur

59 1265 163 1324 infesto
186 1269 222 1326 ad
244 1285 344 1329 muros
365 1269 518 1332 volitantes
540 1273 657 1349 agmine
681 1279 790 1330 turmas

58 1350 171 1408 reicere
193 1357 222 1408 ct
244 1350 400 1411 indomitas
422 1356 529 1416 virtute
551 1354 710 1414 retundere
732 1361 856 1423 mentes,

58 1450 230 1511 responsum
253 1435 390 1511 quoniam
413 1439 482 1496 satis
505 1445 549 1497 est
570 1438 739 1496 meminisse
761 1437 891 1497 deorum.

58 1533 125 1575 nam
149 1517 243 1594 capite
266 1535 282 1575 a
304 1534 418 1577 summo
441 1521 519 1596 regis
542 1518 685 1599 (mirabile
709 1518 796 1597 dictu)
857 1571 861 1574 Α

58 1599 181 1658 candida
203 1600 346 1659 caesaries
370 1600 525 1679 (florebant
548 1611 680 1680 tempora
703 1600 806 1676 lauro),

59 1690 87 1744 at
109 1701 210 1742 roseus
232 1682 330 1742 medio
352 1684 491 1762 surgebat
512 1685 621 1746 vertice
644 1685 748 1751 erinis;

58 1768 139 1825 cuius
162 1784 248 1844 quam
271 1774 383 1826 servata
406 1769 455 1828 din
477 1777 581 1829 natura
603 1767 713 1837 fuisset,

58 1858 115 1908 tarn
140 1852 263 1927 patriam
286 1850 462 1912 incolumem
484 1854 546 1913 Nisi
567 1869 750 1932 regnumque
772 1849 901 1912 futurum

57 1932 219 1993 concordes
241 1933 337 1994 stabili
360 1936 513 1996 firmarunt
535 1938 654 1996 numine
676 1952 790 2014 parcae.

58 2034 129 2094 ergo
153 2018 248 2076 omnis
270 2036 338 2078 caro
361 2020 509 2081 residebat
532 2039 601 2081 cura
624 2019 738 2099 capillo,

57 2119 145 2160 aurea
167 2100 301 2161 sollemni
324 2111 472 2183 comptum
495 2124 582 2185 quem
605 2103 694 2164 fibula
716 2105 773 2164 ritu

57 2185 215 2262 Cecropiae
238 2193 267 2244 et
290 2188 373 2248 tereti
397 2187 554 2248 nectebant
576 2188 663 2248 dente
686 2186 813 2246 cicadae.

97 2268 158 2326 Nec
181 2286 249 2327 vero
272 2269 344 2329 baec
367 2271 447 2330 urbis
470 2272 600 2332 custodia
624 2289 694 2330 vana
717 2270 812 2338 fuisct,

58 2367 112 2408 nec
135 2359 248 2416 ruerat,
273 2352 302 2408 ni
326 2353 420 2429 Scylla
443 2372 517 2413 novo
540 2361 675 2431 correpta
698 2352 807 2419 furore,

57 2431 165 2509 Scylla,
190 2433 279 2509 patris
302 2436 401 2492 miseri
422 2438 591 2513 patriaeque
613 2438 730 2493 inventa
752 2431 950 2511 sepulchrum,

56 2533 73 2572 o
96 2516 218 2573 nimium
241 2515 352 2592 cupidis
375 2516 471 2574 llinoa
493 2517 633 2576 inhiasset
654 2515 762 2575 ocellis.

56 2598 108 2656 sed
131 2595 224 2656 malus
246 2595 295 2655 ille
317 2616 405 2675 puer,
430 2616 516 2676 quem
539 2616 594 2657 nec
616 2617 668 2658 sua
691 2598 809 2657 flectere
831 2605 925 2657 mater

56 2683 161 2741 iratum
185 2681 292 2757 potuit,
316 2699 402 2759 quem
425 2698 481 2740 nec
503 2690 587 2759 pater
610 2688 696 2759 atque
718 2698 788 2740 avus
810 2679 888 2739 idem

56 2764 184 2842 luppiter
208 2762 265 2842 (ille
289 2766 374 2823 etiam
396 2763 510 2825 Poenos
533 2765 661 2823 dormire
683 2761 783 2822 leones
1015 2770 1062 2821 135

57 2856 86 2907 et
109 2847 224 2908 rabidas
247 2846 344 2907 docuit
368 2848 441 2907 vires
463 2865 669 2907 mansuescere
692 2847 783 2922 tigris,

57 2930 105 2991 ille
128 2934 213 2991 etiarn
237 2931 330 3001 divos,
353 2932 547 2992 homincs-
572 2931 622 2991 sed
647 2930 744 2990 dicere
766 2946 904 3007 magnum
929 2929 992 3010 est),
1061 2969 1075 3003 s

57 3015 133 3074 idem
157 3024 218 3076 tum
241 3017 339 3078 tristes
361 3015 483 3076 acucbat
505 3014 671 3116 parvulus
663 3032 732 3076 uas

58 3098 174 3158 lunonis
196 3118 332 3177 magnae,
357 3102 438 3161 cuins
460 3102 589 3180 periuria
613 3099 693 3161 divae

57 3179 125 3240 olim
149 3181 178 3240 di
199 3186 375 3254 meminere,
398 3194 430 3244 ut
452 3187 509 3245 iarn
532 3186 649 3263 periura
671 3182 785 3263 puellae

57 3263 129 3324 nulli
151 3283 210 3324 non
232 3264 350 3337 liceant,
374 3268 559 3328 violaverat
551 3269 642 3326 ruscia
664 3266 773 3333 sedem,

57 3348 125 3407 dum
148 3350 238 3408 sacris
260 3359 380 3427 operata
403 3352 473 3412 deae
496 3351 607 3410 lascivit
630 3358 658 3408 et
681 3359 760 3409 extra

56 3432 189 3512 procedit
211 3432 297 3510 longe
319 3441 445 3495 matrum
468 3436 666 3511 comitumque
688 3441 843 3495 catervam.

793 3535 857 3594 24*

1079 2837 1088 2861 b
