2400 3878
133 219 172 282 38
432 229 574 278 vinetum
596 232 798 281 duondlcon
819 233 831 280 1

131 386 286 475 lluq'qcrum
307 401 360 446 rex
383 385 540 455 Eridanus,
564 404 740 466 camposque
761 406 814 465 per
837 407 938 451 omnes

47 466 53 487 '
132 489 199 532 cum
221 468 341 530 stabulis
362 475 493 529 armenta
515 469 587 531 tulit.
624 488 680 531 nec
701 478 833 549 tempore
856 477 957 535 codem

130 553 262 614 tristibus
284 561 333 614 aut
355 554 428 613 extis
449 552 541 614 librae
563 571 705 632 apparere
727 556 855 616 minaces

131 645 182 699 aut
202 639 297 715 puteis
319 653 437 697 manare
460 655 548 697 cruor
571 639 705 708 cessarit,
728 646 757 698 et
778 638 852 701 altae

130 729 322 800 pernoctem
344 738 483 781 resonare
505 720 581 800 lupis
602 720 779 783 ululantibus
801 724 899 784 urbes.

131 823 190 865 non
213 805 282 865 alias
305 803 384 864 caelo
407 804 576 865 ceciderunt
597 805 681 883 plura
703 823 810 866 sereno

131 888 262 965 fulgura,
285 905 340 948 nee
363 888 417 948 diri
438 890 544 949 totiens
565 906 665 950 arsere
687 897 825 951 cometae.

131 991 202 1051 ergo
223 974 300 1032 inter
321 989 385 1032 sese
407 972 528 1050 paribus
549 991 728 1034 concurrere
750 973 814 1034 telis

130 1056 276 1117 Romanas
298 1057 375 1116 acies
396 1057 501 1116 iterum
524 1056 622 1118 videre
644 1056 783 1134 l‘bilippi;

131 1158 186 1200 nec
208 1140 261 1200 suit
281 1140 432 1216 indignum
455 1143 583 1218 superis,
606 1141 652 1201 bis
673 1143 814 1217 sanguine
836 1149 936 1202 nostro

130 1223 293 1284 Emathiam
316 1230 344 1284 et
364 1221 439 1283 latos
460 1223 563 1284 Haemi
583 1227 777 1302 pinguescere
799 1243 925 1305 campos.

130 1307 240 1368 scilicet
261 1314 289 1367 et
310 1313 425 1384 tempus
447 1309 557 1377 veniet,
582 1327 648 1368 cum
671 1308 777 1369 linibus
799 1308 854 1369 illis

131 1390 257 1468 agricola
280 1393 401 1452 incurvo
422 1399 531 1452 terram
554 1391 669 1453 molitus
691 1399 788 1453 aratro

131 1494 217 1536 exesa
239 1475 365 1536 inveniet
386 1475 489 1535 scabra
511 1475 644 1554 robigine
665 1475 733 1555 pila,

131 1567 181 1620 aut
202 1559 341 1637 gravibus
362 1562 465 1620 rastris
488 1560 584 1639 galeas
606 1560 733 1640 pulsabit
754 1562 857 1630 inanis,

131 1643 309 1721 grandiaque
333 1645 443 1703 effossis
465 1645 618 1705 mirabitur
641 1662 705 1704 ossa
728 1643 898 1721 sepulchris.

131 1727 160 1787 di
181 1727 267 1805 patrii
289 1726 431 1803 indigetes
454 1734 482 1786 et
504 1727 626 1787 Romule
649 1728 791 1803 Vestaque
813 1735 916 1795 mater,

131 1828 204 1888 quae
226 1808 353 1868 Tuscum
376 1809 505 1868 Tiberim
528 1817 556 1869 et
577 1809 706 1869 Romana
729 1809 836 1869 Palatia
858 1827 965 1879 servas,

131 1891 209 1958 hunc
229 1891 330 1954 saltem
354 1909 454 1954 everso
476 1894 611 1953 iuvenem
634 1909 808 1953 succurrere
829 1892 925 1953 saeclo

132 1996 167 2040 ne
188 1977 355 2057 prohibete!
391 1977 460 2038 satis
482 1977 538 2037 iam
560 1976 674 2053 pridem
696 1976 836 2051 sanguine
858 1984 959 2037 nostro
1019 1977 1024 1988 “

130 2061 362 2122 Laomedonteae
383 2059 490 2120 luimus
511 2062 638 2138 periuria
661 2060 782 2129 Troiae;

129 2146 186 2205 iam
209 2145 322 2221 pridem
345 2143 429 2204 nobis
452 2143 523 2204 caeli
544 2151 573 2205 te
594 2146 690 2221 regia,
714 2142 829 2213 Caesar,

129 2229 252 2297 invidet,
275 2234 361 2306 atque
384 2227 535 2287 hominum
557 2231 689 2306 queritur
712 2245 817 2289 curare
839 2230 1018 2309 triumphos,

130 2313 237 2390 quippe
252 2311 303 2372 ubi
318 2310 361 2371 sas
376 2329 492 2372 versum
508 2320 594 2390 atque
608 2311 705 2372 nelas:
729 2318 772 2371 tot
786 2312 861 2373 bella
877 2331 930 2390 per
946 2314 1058 2385 orbem,
1081 2328 1137 2381 bos

132 2402 188 2455 tam
210 2394 318 2455 multae
340 2394 485 2457 scelerum
508 2394 612 2465 iacies;
635 2395 792 2457 nonullos
814 2404 911 2458 aratro

130 2479 234 2556 diguus
256 2479 366 2548 bonos,
391 2479 523 2557 squalent
545 2479 677 2541 abductis
699 2498 767 2541 arva
789 2481 910 2552 colonis,

130 2569 159 2624 et
180 2581 286 2624 curvae
307 2563 433 2642 rigidum
455 2563 543 2624 falces
565 2564 729 2625 conflantur
750 2567 781 2625 in
803 2584 913 2627 ensem.

130 2646 198 2707 binc
219 2654 316 2707 movet
337 2647 517 2726 Euphrates,
539 2647 618 2709 illinc
640 2649 795 2710 Germania
818 2649 942 2719 bellum;

129 2731 239 2791 vicinae
261 2733 355 2810 ruptis
376 2733 451 2791 inter
474 2751 505 2793 sc
527 2731 640 2810 legibus
662 2732 753 2794 urbes
864 2738 869 2749 “
1082 2746 1137 2800 51⁰

131 2832 211 2873 arma
233 2815 346 2882 ferunt3
369 2816 458 2875 saevit
479 2823 540 2876 toto
562 2816 640 2877 Mars
662 2819 767 2895 impius
789 2816 878 2876 orbe:

130 2904 162 2956 ut
184 2915 250 2956 cum
273 2897 441 2957 carceribus
462 2916 527 2959 sese
550 2900 679 2960 elludere
702 2899 868 2978 quadrigae,

130 2979 241 3040 addunt
261 2982 290 3038 in
312 2983 419 3059 spatia,
443 2989 472 3049 et
494 2983 603 3043 frustra
624 2981 783 3043 retinacula
804 2981 927 3041 tendens

129 3062 223 3123 fertur
245 3065 327 3142 equis
349 3067 464 3142 auriga,
493 3084 590 3144 neque
612 3066 691 3126 audit
712 3081 817 3125 currus
838 3063 976 3124 habenas.

549 3307 700 3323 ...ua-*⁶⁶⁹*
