2400 3878
399 191 543 240 venarer
557 192 682 240 munis
701 193 726 239 x
1008 181 1070 242 299

57 368 118 430 quo
139 349 238 411 ierori
257 347 335 410 unde
356 345 430 408 abiii
451 365 526 425 quae
548 366 597 409 me
617 347 686 425 fuga
704 364 829 427 quemve
850 348 981 410 reducit?
1018 355 1071 408 0⁷0

58 433 252 495 Laurentisne
273 432 380 494 iterum
402 447 504 494 muros
523 439 573 493 aut
594 438 688 493 eastra
709 429 832 491 videbo²

59 517 147 602 quid·
152 533 258 579 manus
280 514 328 577 illa
347 517 450 584 virum,
475 517 526 595 qul
544 534 593 577 me
614 533 739 595 meaque
761 532 843 576 arma
861 518 970 578 secuti?

59 617 173 679 quosne
195 599 296 681 (nefas)
319 600 415 660 omnis
435 599 622 661 infandam·
627 607 722 660 morte
739 598 846 679 reliqui

59 693 90 746 et
109 701 192 746 nuno
209 682 334 765 palantis
354 684 439 745 video
457 684 658 782 gemitumque
679 682 835 744 cadentum

59 769 187 848 accipio!
209 769 279 848 quid
298 768 371 846 agni
393 774 443 829 aut
461 785 535 847 quae
556 770 614 829 iam
637 769 706 829 satis
725 768 784 828 ima
803 767 933 829 dehiscat
1018 775 1069 827 67⁶

59 861 140 913 terra
158 851 248 913 mihil
268 869 321 911 ros
341 870 359 911 o
380 851 478 930 potius
499 853 687 922 miserescite,
711 852 804 912 renti:

58 936 90 996 in
111 953 209 1016 rupes,
230 936 261 997 in
282 953 351 997 saxa
371 934 481 1014 (volens
498 953 549 997 ros
567 935 686 996 Turnus
704 935 804 1014 adoro)

58 1020 134 1082 ferte
154 1027 249 1081 ratem
267 1021 419 1098 saevisque
438 1019 518 1080 vadis
536 1021 673 1081 inmittite
692 1020 787 1098 syrtis,

58 1121 118 1184 quc
139 1119 236 1183 neque
257 1121 305 1165 me
319 1101 419 1165 Rutull
439 1121 495 1165 nec
518 1105 633 1165 conscia
655 1104 733 1165 fama
755 1105 915 1183 sequatur.'

58 1188 133 1249 haec
153 1202 322 1249 memorans
342 1190 438 1248 animo
456 1205 535 1249 nunc
557 1189 624 1265 huc,
644 1205 725 1249 nunc
747 1186 870 1249 fluctuat
891 1188 968 1258 illuc,
1018 1197 1070 1248 otto

57 1289 95 1332 an
114 1290 179 1333 sese
201 1288 346 1334 mucrone
368 1271 405 1333 ob
424 1279 538 1334 tantum
557 1272 686 1334 dedecus
708 1289 809 1333 amens

56 1355 159 1418 induat
181 1363 210 1417 et
232 1356 355 1417 crudum
377 1373 432 1435 per
451 1364 546 1418 costas
568 1358 665 1434 exigat
687 1373 797 1426 ensem,

55 1439 195 1501 fluctibus
213 1457 251 1500 an
270 1441 355 1500 iaciat
376 1440 479 1502 mediis
502 1448 531 1502 et
550 1440 638 1501 litora
656 1440 754 1501 nando

57 1540 147 1585 curra
164 1530 245 1603 petat
266 1523 474 1603 Teucrumque
495 1525 602 1586 iterum
623 1541 655 1585 se
676 1523 781 1584 reddat
801 1526 832 1584 in
852 1542 941 1584 arma

56 1614 103 1670 ter
124 1615 248 1669 conatus
267 1617 422 1687 utramque
440 1611 526 1679 riam,
548 1616 594 1670 ter
615 1608 741 1668 maxima
761 1603 833 1669 limo
1018 1613 1069 1666 ott

57 1692 228 1754 continuit
220 1709 413 1781 rurenemque
431 1695 521 1755 animi
541 1693 677 1754 miserata
697 1693 847 1770 repressit.

56 1774 164 1837 labitur
186 1775 243 1838 alta
261 1793 364 1838 secans
386 1775 534 1857 fluctuque
557 1786 697 1856 aestuque
719 1777 848 1837 secundo

58 1866 88 1921 et
108 1860 199 1938 patris
219 1861 369 1940 antiquam
388 1860 482 1922 Dauni
504 1861 635 1922 defertur
657 1859 693 1922 ad
715 1860 829 1922 urbem.

102 1944 138 2002 ht
158 1943 232 2004 loris
252 1945 365 2006 interea
383 1947 499 2005 monitis
518 1945 678 2007 Mezentius
699 1945 807 2007 ardens

58 2028 193 2090 succedit
208 2044 326 2107 pugnae
346 2028 538 2110 Teucrosque
559 2029 667 2091 invadit
688 2031 808 2092 ovantis.
1018 2037 1070 2088 690

57 2121 240 2174 concurrunt
258 2111 430 2192 Tyrrhenae
446 2115 523 2174 acies
546 2121 633 2193 atque
656 2112 793 2174 omnibus
816 2115 874 2184 uni,

58 2198 110 2257 uni
132 2195 266 2276 odiisque
287 2197 350 2256 viro
368 2196 492 2276 telisque
514 2197 718 2278 frequentibus
740 2199 855 2258 instant.

57 2278 107 2340 ille
126 2278 204 2342 velut
225 2297 324 2359 rupes,
347 2291 461 2343 vastum
480 2300 554 2360 quae
577 2281 675 2360 prodit
695 2283 725 2342 in
748 2299 868 2359 aequor,

59 2362 142 2425 ebria
164 2370 319 2425 ventorum
338 2365 421 2426 iuriis
442 2373 621 2445 expostaque
642 2372 742 2444 ponto,

57 2449 115 2509 rim
136 2454 272 2509 cunctam
294 2454 382 2528 atque
402 2450 496 2511 minas
517 2450 629 2528 perfert
651 2447 781 2526 caelique
802 2449 960 2527 marisque,
1019 2454 1070 2506 695

57 2534 120 2611 ipsa
139 2533 260 2592 immota
280 2550 411 2603 manens,
434 2532 549 2612 prolem
573 2531 760 2594 Dolichaonis
778 2531 911 2592 Hebrum

57 2617 163 2676 sternit
184 2614 275 2686 humi,
300 2634 367 2677 cum
390 2635 449 2696 quo
471 2617 612 2694 Latagum
632 2615 824 2693 Palmumque
846 2615 990 2691 fugacem,

58 2699 111 2759 sed
133 2699 274 2776 Latagum
293 2717 363 2761 saxo
386 2708 473 2779 atque
496 2702 607 2777 ingenti
628 2699 772 2777 fragmine
789 2700 896 2759 montis

59 2789 184 2862 occupat
205 2801 238 2844 os
260 2783 424 2864 faciemque
443 2785 604 2854 adversam,
627 2783 738 2862 poplite
757 2781 889 2843 Palmum

58 2868 171 2929 succiso
196 2867 271 2929 volvi
292 2885 414 2946 segnem
436 2870 511 2938 sinit,
535 2886 676 2947 armaque
695 2868 791 2928 Lauso
1018 2873 1069 2924 too

57 2952 147 3013 donat
166 2950 277 3014 habere
299 2954 410 3013 umeris
434 2961 463 3014 et
484 2954 592 3014 vertice
614 2953 706 3031 figere
729 2953 840 3014 cristas.

58 3053 114 3096 nec
135 3052 194 3096 non
219 3035 373 3098 Euanthen
394 3037 556 3116 Phrygium
576 3037 747 3116 Paridisque
767 3037 905 3098 Mimanta

59 3118 212 3197 aequalem
234 3120 437 3199 comitemque,
461 3139 519 3182 una
541 3139 628 3200 quem
650 3129 736 3181 nocte
755 3120 874 3181 Theano

60 3203 90 3262 in
108 3200 205 3263 lucem
225 3204 351 3280 genitori
370 3206 480 3285 Amyco
503 3205 582 3266 dedit
606 3213 634 3266 et
656 3205 720 3265 sace
742 3219 887 3281 praegnas

60 3286 165 3347 Cisseis
186 3288 287 3365 regina
310 3288 414 3349 Parin:
437 3290 519 3350 Paris
541 3289 615 3350 urbe
637 3295 757 3366 paterna
1019 3288 1069 3341 lib

59 3369 191 3440 occubat,
213 3371 350 3447 ignarum
369 3372 502 3434 Laurens
521 3372 610 3433 habet
632 3389 684 3431 ora
701 3370 848 3431 Mimanta.

59 3470 94 3514 ac
114 3451 193 3515 velut
213 3451 262 3515 ille
282 3471 388 3516 canum
411 3474 512 3517 morsu
535 3453 740 3516 dementibus
761 3451 824 3514 altis
