<?xml version="1.0" encoding="UTF-8"?>
<!DOCTYPE html PUBLIC "-//W3C//DTD XHTML 1.0 Transitional//EN"
    "http://www.w3.org/TR/xhtml1/DTD/xhtml1-transitional.dtd">
<html xmlns="http://www.w3.org/1999/xhtml" xml:lang="en" lang="en">
 <head>
  <title>
</title>
<meta http-equiv="Content-Type" content="text/html;charset=utf-8" />
  <meta name='ocr-system' content='tesseract 3.04.00' />
  <meta name='ocr-capabilities' content='ocr_page ocr_carea ocr_par ocr_line ocrx_word'/>
</head>
<body>
  <div class='ocr_page' id='page_1' title='image "./operainusumscho00virggoog_0114.png"; bbox 0 0 2400 3878; ppageno 0'>
   <div class='ocr_carea' id='block_1_1' title="bbox 142 191 866 252">
    <p class='ocr_par' dir='ltr' id='par_1_1' title="bbox 142 191 866 252">
     <span class='ocr_line' id='line_1_1' title="bbox 142 191 866 252; baseline -0.01 0"><span class='ocrx_word' id='word_1_1' title='bbox 142 191 181 252; x_wconf 78' lang='lat'><strong>74</strong></span> <span class='ocrx_word' id='word_1_2' title='bbox 424 201 568 248; x_wconf 81' lang='lat' dir='ltr'><strong>vunomr</strong></span> <span class='ocrx_word' id='word_1_3' title='bbox 590 199 792 248; x_wconf 75' lang='lat' dir='ltr'><strong>eucnemon</strong></span> <span class='ocrx_word' id='word_1_4' title='bbox 813 200 866 247; x_wconf 90' lang='lat' dir='ltr'><strong>nn</strong></span> 
     </span>
    </p>
   </div>
   <div class='ocr_carea' id='block_1_2' title="bbox 132 353 1031 3516">
    <p class='ocr_par' dir='ltr' id='par_1_2' title="bbox 132 353 1031 3516">
     <span class='ocr_line' id='line_1_2' title="bbox 141 353 915 435; baseline -0.006 -18"><span class='ocrx_word' id='word_1_5' title='bbox 141 358 253 435; x_wconf 89' lang='lat' dir='ltr'><strong>primus</strong></span> <span class='ocrx_word' id='word_1_6' title='bbox 275 355 424 417; x_wconf 89' lang='lat' dir='ltr'><strong>abundare</strong></span> <span class='ocrx_word' id='word_1_7' title='bbox 447 363 475 415; x_wconf 88' lang='lat' dir='ltr'><strong>et</strong></span> <span class='ocrx_word' id='word_1_8' title='bbox 496 356 659 432; x_wconf 80' lang='lat' dir='ltr'>spumantia</span> <span class='ocrx_word' id='word_1_9' title='bbox 681 372 787 432; x_wconf 89' lang='lat' dir='ltr'><strong>cogere</strong></span> <span class='ocrx_word' id='word_1_10' title='bbox 807 353 915 430; x_wconf 78' lang='lat' dir='ltr'><strong>pressis</strong></span> 
     </span>
     <span class='ocr_line' id='line_1_3' title="bbox 141 436 889 516; baseline -0.007 -16"><span class='ocrx_word' id='word_1_11' title='bbox 141 439 227 500; x_wconf 90' lang='lat' dir='ltr'><strong>mella</strong></span> <span class='ocrx_word' id='word_1_12' title='bbox 248 439 335 500; x_wconf 83' lang='lat' dir='ltr'><strong>favis:</strong></span> <span class='ocrx_word' id='word_1_13' title='bbox 357 437 398 498; x_wconf 90' lang='lat' dir='ltr'><strong>illi</strong></span> <span class='ocrx_word' id='word_1_14' title='bbox 418 436 496 498; x_wconf 88' lang='lat' dir='ltr'><strong>tiliae</strong></span> <span class='ocrx_word' id='word_1_15' title='bbox 517 445 603 516; x_wconf 89' lang='lat' dir='ltr'><strong>atque</strong></span> <span class='ocrx_word' id='word_1_16' title='bbox 624 437 772 498; x_wconf 88' lang='lat' dir='ltr'><strong>uberrima</strong></span> <span class='ocrx_word' id='word_1_17' title='bbox 794 437 889 513; x_wconf 86' lang='lat' dir='ltr'><strong>pinus,</strong></span> 
     </span>
     <span class='ocr_line' id='line_1_4' title="bbox 141 519 912 602; baseline -0.006 -19"><span class='ocrx_word' id='word_1_18' title='bbox 141 531 269 602; x_wconf 84' lang='lat' dir='ltr'><strong>quotque</strong></span> <span class='ocrx_word' id='word_1_19' title='bbox 290 523 319 582; x_wconf 92' lang='lat' dir='ltr'><strong>in</strong></span> <span class='ocrx_word' id='word_1_20' title='bbox 341 521 415 582; x_wconf 87' lang='lat' dir='ltr'><strong>flore</strong></span> <span class='ocrx_word' id='word_1_21' title='bbox 436 539 511 580; x_wconf 87' lang='lat' dir='ltr'><strong>novo</strong></span> <span class='ocrx_word' id='word_1_22' title='bbox 533 522 627 598; x_wconf 90' lang='lat' dir='ltr'><strong>pomis</strong></span> <span class='ocrx_word' id='word_1_23' title='bbox 647 539 679 581; x_wconf 92' lang='lat' dir='ltr'><strong>se</strong></span> <span class='ocrx_word' id='word_1_24' title='bbox 701 519 803 580; x_wconf 85' lang='lat' dir='ltr'><strong>fertilis</strong></span> <span class='ocrx_word' id='word_1_25' title='bbox 824 519 912 578; x_wconf 89' lang='lat' dir='ltr'><strong>arbos</strong></span> 
     </span>
     <span class='ocr_line' id='line_1_5' title="bbox 140 601 876 675; baseline -0.007 -10"><span class='ocrx_word' id='word_1_26' title='bbox 140 606 289 675; x_wconf 89' lang='lat' dir='ltr'><strong>induerat,</strong></span> <span class='ocrx_word' id='word_1_27' title='bbox 312 604 432 665; x_wconf 89' lang='lat' dir='ltr'><strong>totidem</strong></span> <span class='ocrx_word' id='word_1_28' title='bbox 454 612 593 665; x_wconf 88' lang='lat' dir='ltr'><strong>autumno</strong></span> <span class='ocrx_word' id='word_1_29' title='bbox 615 610 728 664; x_wconf 89' lang='lat' dir='ltr'><strong>matura</strong></span> <span class='ocrx_word' id='word_1_30' title='bbox 751 601 876 662; x_wconf 89' lang='lat' dir='ltr'><strong>tenebat.</strong></span> 
     </span>
     <span class='ocr_line' id='line_1_6' title="bbox 140 685 834 749; baseline -0.004 -2"><span class='ocrx_word' id='word_1_31' title='bbox 140 688 188 749; x_wconf 93' lang='lat' dir='ltr'><strong>ille</strong></span> <span class='ocrx_word' id='word_1_32' title='bbox 209 689 295 749; x_wconf 87' lang='lat' dir='ltr'><strong>etiarn</strong></span> <span class='ocrx_word' id='word_1_33' title='bbox 317 706 398 749; x_wconf 88' lang='lat' dir='ltr'><strong>seras</strong></span> <span class='ocrx_word' id='word_1_34' title='bbox 419 688 449 747; x_wconf 93' lang='lat' dir='ltr'><strong>in</strong></span> <span class='ocrx_word' id='word_1_35' title='bbox 470 706 587 748; x_wconf 87' lang='lat' dir='ltr'><strong>versum</strong></span> <span class='ocrx_word' id='word_1_36' title='bbox 608 686 716 748; x_wconf 77' lang='lat' dir='ltr'><strong>distulit</strong></span> <span class='ocrx_word' id='word_1_37' title='bbox 738 685 834 746; x_wconf 92' lang='lat' dir='ltr'><strong>ulmos</strong></span> 
     </span>
     <span class='ocr_line' id='line_1_7' title="bbox 140 767 947 851; baseline -0.006 -19"><span class='ocrx_word' id='word_1_38' title='bbox 140 772 320 851; x_wconf 79' lang='lat' dir='ltr'>eduramque</span> <span class='ocrx_word' id='word_1_39' title='bbox 342 772 439 848; x_wconf 91' lang='lat' dir='ltr'><strong>pirum</strong></span> <span class='ocrx_word' id='word_1_40' title='bbox 462 778 491 832; x_wconf 87' lang='lat' dir='ltr'><strong>et</strong></span> <span class='ocrx_word' id='word_1_41' title='bbox 511 773 611 848; x_wconf 90' lang='lat' dir='ltr'><strong>spinos</strong></span> <span class='ocrx_word' id='word_1_42' title='bbox 632 772 689 830; x_wconf 93' lang='lat' dir='ltr'><strong>iam</strong></span> <span class='ocrx_word' id='word_1_43' title='bbox 710 787 805 846; x_wconf 88' lang='lat' dir='ltr'><strong>pruna</strong></span> <span class='ocrx_word' id='word_1_44' title='bbox 828 767 947 828; x_wconf 90' lang='lat' dir='ltr'><strong>ferentis</strong></span> 
     </span>
     <span class='ocr_line' id='line_1_8' title="bbox 139 851 997 932; baseline -0.006 -16"><span class='ocrx_word' id='word_1_45' title='bbox 139 858 255 932; x_wconf 90' lang='lat' dir='ltr'><strong>iamque</strong></span> <span class='ocrx_word' id='word_1_46' title='bbox 276 855 489 914; x_wconf 81' lang='lat' dir='ltr'><strong>ministrantem</strong></span> <span class='ocrx_word' id='word_1_47' title='bbox 510 853 659 932; x_wconf 86' lang='lat' dir='ltr'><strong>platanum</strong></span> <span class='ocrx_word' id='word_1_48' title='bbox 680 852 846 931; x_wconf 87' lang='lat' dir='ltr'><strong>potantibus</strong></span> <span class='ocrx_word' id='word_1_49' title='bbox 867 851 997 912; x_wconf 90' lang='lat' dir='ltr'><strong>umbras.</strong></span> 
     </span>
     <span class='ocr_line' id='line_1_9' title="bbox 140 935 985 1016; baseline -0.001 -20"><span class='ocrx_word' id='word_1_50' title='bbox 140 956 240 999; x_wconf 83' lang='lat' dir='ltr'><strong>verum</strong></span> <span class='ocrx_word' id='word_1_51' title='bbox 262 938 336 998; x_wconf 87' lang='lat' dir='ltr'><strong>haec</strong></span> <span class='ocrx_word' id='word_1_52' title='bbox 357 938 420 1015; x_wconf 89' lang='lat' dir='ltr'><strong>ipse</strong></span> <span class='ocrx_word' id='word_1_53' title='bbox 442 938 577 1016; x_wconf 79' lang='lat' dir='ltr'><strong>equidem</strong></span> <span class='ocrx_word' id='word_1_54' title='bbox 598 938 696 1015; x_wconf 92' lang='lat' dir='ltr'><strong>spatiis</strong></span> <span class='ocrx_word' id='word_1_55' title='bbox 719 935 855 997; x_wconf 84' lang='lat' dir='ltr'><strong>exclusus</strong></span> <span class='ocrx_word' id='word_1_56' title='bbox 878 935 985 1012; x_wconf 87' lang='lat' dir='ltr'><strong>iniquis</strong></span> 
     </span>
     <span class='ocr_line' id='line_1_10' title="bbox 139 1016 1015 1098; baseline -0.001 -18"><span class='ocrx_word' id='word_1_57' title='bbox 139 1029 292 1098; x_wconf 89' lang='lat' dir='ltr'><strong>praetereo</strong></span> <span class='ocrx_word' id='word_1_58' title='bbox 314 1027 400 1098; x_wconf 88' lang='lat' dir='ltr'><strong>atque</strong></span> <span class='ocrx_word' id='word_1_59' title='bbox 422 1019 485 1081; x_wconf 91' lang='lat' dir='ltr'><strong>aliis</strong></span> <span class='ocrx_word' id='word_1_60' title='bbox 505 1027 572 1097; x_wconf 86' lang='lat' dir='ltr'><strong>post</strong></span> <span class='ocrx_word' id='word_1_61' title='bbox 592 1039 640 1080; x_wconf 89' lang='lat' dir='ltr'><strong>me</strong></span> <span class='ocrx_word' id='word_1_62' title='bbox 661 1018 849 1080; x_wconf 91' lang='lat' dir='ltr'><strong>memoranda</strong></span> <span class='ocrx_word' id='word_1_63' title='bbox 871 1016 1015 1096; x_wconf 87' lang='lat' dir='ltr'><strong>relinquo.</strong></span> 
     </span>
     <span class='ocr_line' id='line_1_11' title="bbox 180 1101 948 1182; baseline -0.004 -17"><span class='ocrx_word' id='word_1_64' title='bbox 180 1103 266 1165; x_wconf 89' lang='lat' dir='ltr'><strong>Nunc</strong></span> <span class='ocrx_word' id='word_1_65' title='bbox 288 1121 355 1182; x_wconf 89' lang='lat' dir='ltr'><strong>age,</strong></span> <span class='ocrx_word' id='word_1_66' title='bbox 377 1111 496 1164; x_wconf 89' lang='lat' dir='ltr'><strong>naturas</strong></span> <span class='ocrx_word' id='word_1_67' title='bbox 518 1104 621 1182; x_wconf 77' lang='lat' dir='ltr'><strong>apiltus</strong></span> <span class='ocrx_word' id='word_1_68' title='bbox 642 1122 714 1181; x_wconf 92' lang='lat' dir='ltr'><strong>quas</strong></span> <span class='ocrx_word' id='word_1_69' title='bbox 735 1102 865 1180; x_wconf 88' lang='lat' dir='ltr'><strong>luppiter</strong></span> <span class='ocrx_word' id='word_1_70' title='bbox 886 1101 948 1179; x_wconf 93' lang='lat' dir='ltr'><strong>ipse</strong></span> 
     </span>
     <span class='ocr_line' id='line_1_12' title="bbox 139 1186 910 1266; baseline -0.005 -18"><span class='ocrx_word' id='word_1_71' title='bbox 139 1187 261 1257; x_wconf 86' lang='lat' dir='ltr'><strong>addidit,</strong></span> <span class='ocrx_word' id='word_1_72' title='bbox 285 1187 451 1266; x_wconf 86' lang='lat' dir='ltr'><strong>expediam,</strong></span> <span class='ocrx_word' id='word_1_73' title='bbox 473 1205 528 1264; x_wconf 94' lang='lat' dir='ltr'><strong>pro</strong></span> <span class='ocrx_word' id='word_1_74' title='bbox 550 1206 607 1265; x_wconf 92' lang='lat' dir='ltr'><strong>qua</strong></span> <span class='ocrx_word' id='word_1_75' title='bbox 629 1186 764 1247; x_wconf 84' lang='lat' dir='ltr'><strong>mercede</strong></span> <span class='ocrx_word' id='word_1_76' title='bbox 786 1202 910 1246; x_wconf 91' lang='lat' dir='ltr'><strong>canoros</strong></span> 
     </span>
     <span class='ocr_line' id='line_1_13' title="bbox 139 1269 885 1348; baseline -0.004 -16"><span class='ocrx_word' id='word_1_77' title='bbox 139 1269 276 1332; x_wconf 84' lang='lat' dir='ltr'><strong>Curetum</strong></span> <span class='ocrx_word' id='word_1_78' title='bbox 298 1271 409 1330; x_wconf 90' lang='lat' dir='ltr'><strong>sonitus</strong></span> <span class='ocrx_word' id='word_1_79' title='bbox 431 1271 657 1348; x_wconf 86' lang='lat' dir='ltr'><strong>crepitantiaque</strong></span> <span class='ocrx_word' id='word_1_80' title='bbox 679 1288 746 1329; x_wconf 89' lang='lat' dir='ltr'><strong>aera</strong></span> <span class='ocrx_word' id='word_1_81' title='bbox 768 1275 885 1329; x_wconf 90' lang='lat' dir='ltr'><strong>secutae</strong></span> 
     </span>
     <span class='ocr_line' id='line_1_14' title="bbox 138 1352 793 1431; baseline -0.006 -17"><span class='ocrx_word' id='word_1_82' title='bbox 138 1353 256 1414; x_wconf 85' lang='lat' dir='ltr'><strong>Dictaeo</strong></span> <span class='ocrx_word' id='word_1_83' title='bbox 280 1352 351 1414; x_wconf 90' lang='lat' dir='ltr'><strong>caeli</strong></span> <span class='ocrx_word' id='word_1_84' title='bbox 373 1371 473 1431; x_wconf 88' lang='lat' dir='ltr'><strong>regem</strong></span> <span class='ocrx_word' id='word_1_85' title='bbox 495 1370 602 1430; x_wconf 85' lang='lat' dir='ltr'><strong>pavere</strong></span> <span class='ocrx_word' id='word_1_86' title='bbox 622 1353 677 1412; x_wconf 89' lang='lat' dir='ltr'><strong>sub</strong></span> <span class='ocrx_word' id='word_1_87' title='bbox 700 1360 793 1412; x_wconf 87' lang='lat' dir='ltr'><strong>antro.</strong></span> 
     </span>
     <span class='ocr_line' id='line_1_15' title="bbox 137 1437 785 1506; baseline -0.002 -10"><span class='ocrx_word' id='word_1_88' title='bbox 137 1437 216 1498; x_wconf 88' lang='lat' dir='ltr'><strong>solae</strong></span> <span class='ocrx_word' id='word_1_89' title='bbox 239 1437 401 1498; x_wconf 88' lang='lat' dir='ltr'><strong>eommunis</strong></span> <span class='ocrx_word' id='word_1_90' title='bbox 422 1443 520 1506; x_wconf 86' lang='lat' dir='ltr'><strong>natos,</strong></span> <span class='ocrx_word' id='word_1_91' title='bbox 544 1437 688 1496; x_wconf 88' lang='lat' dir='ltr'><strong>consortia</strong></span> <span class='ocrx_word' id='word_1_92' title='bbox 709 1443 785 1496; x_wconf 90' lang='lat' dir='ltr'><strong>tecta</strong></span> 
     </span>
     <span class='ocr_line' id='line_1_16' title="bbox 137 1518 1031 1599; baseline -0.001 -19"><span class='ocrx_word' id='word_1_93' title='bbox 137 1521 219 1581; x_wconf 91' lang='lat' dir='ltr'><strong>urbis</strong></span> <span class='ocrx_word' id='word_1_94' title='bbox 241 1520 363 1590; x_wconf 90' lang='lat' dir='ltr'><strong>habent,</strong></span> <span class='ocrx_word' id='word_1_95' title='bbox 385 1521 555 1599; x_wconf 82' lang='lat' dir='ltr'><strong>magnisque</strong></span> <span class='ocrx_word' id='word_1_96' title='bbox 578 1520 687 1598; x_wconf 87' lang='lat' dir='ltr'><strong>agitant</strong></span> <span class='ocrx_word' id='word_1_97' title='bbox 708 1519 762 1578; x_wconf 92' lang='lat' dir='ltr'><strong>sub</strong></span> <span class='ocrx_word' id='word_1_98' title='bbox 784 1518 898 1596; x_wconf 89' lang='lat' dir='ltr'><strong>legibus</strong></span> <span class='ocrx_word' id='word_1_99' title='bbox 919 1536 1031 1589; x_wconf 85' lang='lat' dir='ltr'><strong>aevom,</strong></span> 
     </span>
     <span class='ocr_line' id='line_1_17' title="bbox 138 1603 858 1681; baseline -0.004 -17"><span class='ocrx_word' id='word_1_100' title='bbox 138 1612 167 1664; x_wconf 88' lang='lat' dir='ltr'><strong>et</strong></span> <span class='ocrx_word' id='word_1_101' title='bbox 188 1605 310 1681; x_wconf 88' lang='lat' dir='ltr'><strong>patriam</strong></span> <span class='ocrx_word' id='word_1_102' title='bbox 334 1603 412 1664; x_wconf 89' lang='lat' dir='ltr'><strong>solae</strong></span> <span class='ocrx_word' id='word_1_103' title='bbox 435 1611 462 1664; x_wconf 90' lang='lat' dir='ltr'><strong>et</strong></span> <span class='ocrx_word' id='word_1_104' title='bbox 485 1611 580 1664; x_wconf 89' lang='lat' dir='ltr'><strong>certos</strong></span> <span class='ocrx_word' id='word_1_105' title='bbox 601 1622 709 1664; x_wconf 87' lang='lat' dir='ltr'><strong>novere</strong></span> <span class='ocrx_word' id='word_1_106' title='bbox 730 1604 858 1681; x_wconf 90' lang='lat' dir='ltr'><strong>penatis余</strong></span> 
     </span>
     <span class='ocr_line' id='line_1_18' title="bbox 137 1685 908 1765; baseline -0.001 -20"><span class='ocrx_word' id='word_1_107' title='bbox 137 1693 334 1765; x_wconf 86' lang='lat' dir='ltr'><strong>venturaeque</strong></span> <span class='ocrx_word' id='word_1_108' title='bbox 356 1687 459 1747; x_wconf 90' lang='lat' dir='ltr'><strong>hiemis</strong></span> <span class='ocrx_word' id='word_1_109' title='bbox 480 1706 625 1747; x_wconf 89' lang='lat' dir='ltr'><strong>memores</strong></span> <span class='ocrx_word' id='word_1_110' title='bbox 647 1692 755 1747; x_wconf 89' lang='lat' dir='ltr'><strong>aestate</strong></span> <span class='ocrx_word' id='word_1_111' title='bbox 776 1685 908 1746; x_wconf 87' lang='lat' dir='ltr'><strong>lahorem</strong></span> 
     </span>
     <span class='ocr_line' id='line_1_19' title="bbox 137 1769 907 1848; baseline -0.003 -19"><span class='ocrx_word' id='word_1_112' title='bbox 137 1770 327 1846; x_wconf 83' lang='lat' dir='ltr'><strong>experiuntur</strong></span> <span class='ocrx_word' id='word_1_113' title='bbox 350 1776 378 1829; x_wconf 89' lang='lat' dir='ltr'><strong>et</strong></span> <span class='ocrx_word' id='word_1_114' title='bbox 400 1771 429 1829; x_wconf 92' lang='lat' dir='ltr'><strong>in</strong></span> <span class='ocrx_word' id='word_1_115' title='bbox 450 1769 579 1829; x_wconf 91' lang='lat' dir='ltr'><strong>medium</strong></span> <span class='ocrx_word' id='word_1_116' title='bbox 601 1771 728 1848; x_wconf 89' lang='lat' dir='ltr'><strong>quaesita</strong></span> <span class='ocrx_word' id='word_1_117' title='bbox 751 1777 907 1846; x_wconf 89' lang='lat' dir='ltr'><strong>reponunt.</strong></span> 
     </span>
     <span class='ocr_line' id='line_1_20' title="bbox 136 1851 921 1930; baseline -0.001 -19"><span class='ocrx_word' id='word_1_118' title='bbox 136 1869 262 1928; x_wconf 90' lang='lat' dir='ltr'><strong>namque</strong></span> <span class='ocrx_word' id='word_1_119' title='bbox 285 1851 357 1911; x_wconf 88' lang='lat' dir='ltr'><strong>aliae</strong></span> <span class='ocrx_word' id='word_1_120' title='bbox 378 1853 455 1911; x_wconf 85' lang='lat' dir='ltr'><strong>victu</strong></span> <span class='ocrx_word' id='word_1_121' title='bbox 477 1852 625 1928; x_wconf 85' lang='lat' dir='ltr'><strong>invigilant</strong></span> <span class='ocrx_word' id='word_1_122' title='bbox 647 1860 676 1913; x_wconf 89' lang='lat' dir='ltr'><strong>et</strong></span> <span class='ocrx_word' id='word_1_123' title='bbox 697 1852 815 1912; x_wconf 87' lang='lat' dir='ltr'><strong>foedere</strong></span> <span class='ocrx_word' id='word_1_124' title='bbox 836 1859 921 1930; x_wconf 92' lang='lat' dir='ltr'><strong>pacto</strong></span> 
     </span>
     <span class='ocr_line' id='line_1_21' title="bbox 137 1936 911 2013; baseline -0.001 -18"><span class='ocrx_word' id='word_1_125' title='bbox 137 1942 311 1995; x_wconf 84' lang='lat' dir='ltr'><strong>exercentur</strong></span> <span class='ocrx_word' id='word_1_126' title='bbox 333 1936 424 2012; x_wconf 86' lang='lat' dir='ltr'><strong>agris余</strong></span> <span class='ocrx_word' id='word_1_127' title='bbox 447 1953 515 2013; x_wconf 89' lang='lat' dir='ltr'><strong>pars</strong></span> <span class='ocrx_word' id='word_1_128' title='bbox 536 1938 612 1996; x_wconf 93' lang='lat' dir='ltr'><strong>intra</strong></span> <span class='ocrx_word' id='word_1_129' title='bbox 635 1942 734 2013; x_wconf 89' lang='lat' dir='ltr'><strong>saepta</strong></span> <span class='ocrx_word' id='word_1_130' title='bbox 756 1936 911 1996; x_wconf 91' lang='lat' dir='ltr'><strong>domorum</strong></span> 
     </span>
     <span class='ocr_line' id='line_1_22' title="bbox 135 2016 919 2095; baseline -0.003 -16"><span class='ocrx_word' id='word_1_131' title='bbox 135 2017 263 2079; x_wconf 85' lang='lat' dir='ltr'><strong>Narcissi</strong></span> <span class='ocrx_word' id='word_1_132' title='bbox 284 2016 433 2078; x_wconf 86' lang='lat' dir='ltr'><strong>lacrimam</strong></span> <span class='ocrx_word' id='word_1_133' title='bbox 457 2026 486 2078; x_wconf 88' lang='lat' dir='ltr'><strong>et</strong></span> <span class='ocrx_word' id='word_1_134' title='bbox 505 2018 616 2080; x_wconf 89' lang='lat' dir='ltr'><strong>lentum</strong></span> <span class='ocrx_word' id='word_1_135' title='bbox 639 2019 675 2079; x_wconf 92' lang='lat' dir='ltr'><strong>de</strong></span> <span class='ocrx_word' id='word_1_136' title='bbox 691 2020 798 2079; x_wconf 90' lang='lat' dir='ltr'><strong>cortice</strong></span> <span class='ocrx_word' id='word_1_137' title='bbox 818 2017 919 2095; x_wconf 81' lang='lat' dir='ltr'><strong>gluten</strong></span> 
     </span>
     <span class='ocr_line' id='line_1_23' title="bbox 135 2102 921 2179; baseline 0.001 -19"><span class='ocrx_word' id='word_1_138' title='bbox 135 2102 229 2178; x_wconf 89' lang='lat' dir='ltr'><strong>prima</strong></span> <span class='ocrx_word' id='word_1_139' title='bbox 252 2102 323 2161; x_wconf 84' lang='lat' dir='ltr'><strong>faris</strong></span> <span class='ocrx_word' id='word_1_140' title='bbox 344 2108 457 2179; x_wconf 89' lang='lat' dir='ltr'><strong>ponunt</strong></span> <span class='ocrx_word' id='word_1_141' title='bbox 478 2102 662 2174; x_wconf 79' lang='lat' dir='ltr'><strong>fundamina,</strong></span> <span class='ocrx_word' id='word_1_142' title='bbox 686 2102 791 2163; x_wconf 89' lang='lat' dir='ltr'><strong>deinde</strong></span> <span class='ocrx_word' id='word_1_143' title='bbox 812 2102 921 2162; x_wconf 88' lang='lat' dir='ltr'><strong>tenacis</strong></span> 
     </span>
     <span class='ocr_line' id='line_1_24' title="bbox 136 2184 888 2264; baseline 0 -21"><span class='ocrx_word' id='word_1_144' title='bbox 136 2184 319 2261; x_wconf 89' lang='lat' dir='ltr'><strong>suspendunt</strong></span> <span class='ocrx_word' id='word_1_145' title='bbox 341 2203 438 2253; x_wconf 89' lang='lat' dir='ltr'><strong>ceras余</strong></span> <span class='ocrx_word' id='word_1_146' title='bbox 460 2186 533 2246; x_wconf 91' lang='lat' dir='ltr'><strong>aliae</strong></span> <span class='ocrx_word' id='word_1_147' title='bbox 554 2204 637 2264; x_wconf 92' lang='lat' dir='ltr'><strong>spem</strong></span> <span class='ocrx_word' id='word_1_148' title='bbox 659 2188 752 2264; x_wconf 87' lang='lat' dir='ltr'><strong>gentis</strong></span> <span class='ocrx_word' id='word_1_149' title='bbox 774 2184 888 2246; x_wconf 80' lang='lat' dir='ltr'><strong>adultos</strong></span> 
     </span>
     <span class='ocr_line' id='line_1_25' title="bbox 136 2267 753 2346; baseline 0.006 -19"><span class='ocrx_word' id='word_1_150' title='bbox 136 2267 264 2327; x_wconf 90' lang='lat' dir='ltr'><strong>educunt</strong></span> <span class='ocrx_word' id='word_1_151' title='bbox 286 2267 375 2338; x_wconf 65' lang='lat' dir='ltr'><strong>fetum</strong></span> <span class='ocrx_word' id='word_1_152' title='bbox 398 2267 471 2328; x_wconf 89' lang='lat' dir='ltr'><strong>aliae</strong></span> <span class='ocrx_word' id='word_1_153' title='bbox 491 2271 646 2346; x_wconf 90' lang='lat' dir='ltr'><strong>purissima</strong></span> <span class='ocrx_word' id='word_1_154' title='bbox 668 2270 753 2331; x_wconf 89' lang='lat' dir='ltr'><strong>mella</strong></span> 
     </span>
     <span class='ocr_line' id='line_1_26' title="bbox 134 2351 870 2429; baseline 0.004 -20"><span class='ocrx_word' id='word_1_155' title='bbox 134 2352 242 2428; x_wconf 89' lang='lat' dir='ltr'><strong>stipant</strong></span> <span class='ocrx_word' id='word_1_156' title='bbox 264 2359 293 2411; x_wconf 92' lang='lat' dir='ltr'><strong>et</strong></span> <span class='ocrx_word' id='word_1_157' title='bbox 314 2351 423 2429; x_wconf 90' lang='lat' dir='ltr'><strong>liquido</strong></span> <span class='ocrx_word' id='word_1_158' title='bbox 445 2351 613 2413; x_wconf 89' lang='lat' dir='ltr'><strong>distendunt</strong></span> <span class='ocrx_word' id='word_1_159' title='bbox 633 2361 751 2415; x_wconf 90' lang='lat' dir='ltr'><strong>nectare</strong></span> <span class='ocrx_word' id='word_1_160' title='bbox 774 2353 870 2414; x_wconf 93' lang='lat' dir='ltr'><strong>cellas.</strong></span> 
     </span>
     <span class='ocr_line' id='line_1_27' title="bbox 136 2433 888 2513; baseline 0.004 -21"><span class='ocrx_word' id='word_1_161' title='bbox 136 2441 203 2492; x_wconf 88' lang='lat' dir='ltr'><strong>sunt</strong></span> <span class='ocrx_word' id='word_1_162' title='bbox 224 2433 331 2512; x_wconf 87' lang='lat' dir='ltr'><strong>quibus</strong></span> <span class='ocrx_word' id='word_1_163' title='bbox 353 2433 389 2494; x_wconf 92' lang='lat' dir='ltr'><strong>ad</strong></span> <span class='ocrx_word' id='word_1_164' title='bbox 411 2441 511 2513; x_wconf 83' lang='lat' dir='ltr'><strong>portas</strong></span> <span class='ocrx_word' id='word_1_165' title='bbox 533 2437 636 2496; x_wconf 90' lang='lat' dir='ltr'><strong>cecidit</strong></span> <span class='ocrx_word' id='word_1_166' title='bbox 655 2437 785 2498; x_wconf 88' lang='lat' dir='ltr'><strong>custodia</strong></span> <span class='ocrx_word' id='word_1_167' title='bbox 807 2437 888 2506; x_wconf 90' lang='lat' dir='ltr'><strong>sorti,</strong></span> 
     </span>
     <span class='ocr_line' id='line_1_28' title="bbox 134 2517 933 2597; baseline 0.001 -19"><span class='ocrx_word' id='word_1_168' title='bbox 134 2518 223 2595; x_wconf 90' lang='lat' dir='ltr'><strong>inque</strong></span> <span class='ocrx_word' id='word_1_169' title='bbox 244 2519 335 2578; x_wconf 83' lang='lat' dir='ltr'><strong>vicem</strong></span> <span class='ocrx_word' id='word_1_170' title='bbox 358 2517 545 2596; x_wconf 88' lang='lat' dir='ltr'><strong>speculantur</strong></span> <span class='ocrx_word' id='word_1_171' title='bbox 567 2538 657 2597; x_wconf 88' lang='lat' dir='ltr'><strong>aquas</strong></span> <span class='ocrx_word' id='word_1_172' title='bbox 679 2528 707 2580; x_wconf 92' lang='lat' dir='ltr'><strong>et</strong></span> <span class='ocrx_word' id='word_1_173' title='bbox 728 2520 827 2581; x_wconf 89' lang='lat' dir='ltr'><strong>nubila</strong></span> <span class='ocrx_word' id='word_1_174' title='bbox 853 2517 933 2588; x_wconf 91' lang='lat' dir='ltr'><strong>caeli,</strong></span> 
     </span>
     <span class='ocr_line' id='line_1_29' title="bbox 132 2602 970 2682; baseline -0.001 -21"><span class='ocrx_word' id='word_1_175' title='bbox 132 2608 184 2661; x_wconf 87' lang='lat' dir='ltr'><strong>aut</strong></span> <span class='ocrx_word' id='word_1_176' title='bbox 206 2619 295 2662; x_wconf 89' lang='lat' dir='ltr'><strong>onera</strong></span> <span class='ocrx_word' id='word_1_177' title='bbox 318 2603 464 2680; x_wconf 91' lang='lat' dir='ltr'><strong>accipiunt</strong></span> <span class='ocrx_word' id='word_1_178' title='bbox 484 2605 665 2673; x_wconf 86' lang='lat' dir='ltr'><strong>venientum,</strong></span> <span class='ocrx_word' id='word_1_179' title='bbox 688 2612 738 2665; x_wconf 91' lang='lat' dir='ltr'><strong>aut</strong></span> <span class='ocrx_word' id='word_1_180' title='bbox 758 2604 873 2682; x_wconf 84' lang='lat' dir='ltr'><strong>agmine</strong></span> <span class='ocrx_word' id='word_1_181' title='bbox 895 2602 970 2662; x_wconf 88' lang='lat' dir='ltr'><strong>facto</strong></span> 
     </span>
     <span class='ocr_line' id='line_1_30' title="bbox 133 2685 866 2764; baseline 0.001 -21"><span class='ocrx_word' id='word_1_182' title='bbox 133 2685 268 2761; x_wconf 90' lang='lat' dir='ltr'><strong>ignavom</strong></span> <span class='ocrx_word' id='word_1_183' title='bbox 291 2686 374 2746; x_wconf 88' lang='lat' dir='ltr'><strong>fucos</strong></span> <span class='ocrx_word' id='word_1_184' title='bbox 394 2704 486 2764; x_wconf 90' lang='lat' dir='ltr'><strong>pecus</strong></span> <span class='ocrx_word' id='word_1_185' title='bbox 507 2705 523 2747; x_wconf 93' lang='lat' dir='ltr'><strong>a</strong></span> <span class='ocrx_word' id='word_1_186' title='bbox 544 2687 736 2764; x_wconf 87' lang='lat' dir='ltr'><strong>praesepibus</strong></span> <span class='ocrx_word' id='word_1_187' title='bbox 757 2694 866 2749; x_wconf 89' lang='lat' dir='ltr'><strong>arcent.</strong></span> 
     </span>
     <span class='ocr_line' id='line_1_31' title="bbox 133 2767 963 2848; baseline 0 -22"><span class='ocrx_word' id='word_1_188' title='bbox 133 2767 226 2828; x_wconf 87' lang='lat' dir='ltr'><strong>fervet</strong></span> <span class='ocrx_word' id='word_1_189' title='bbox 248 2786 334 2846; x_wconf 90' lang='lat' dir='ltr'><strong>opus,</strong></span> <span class='ocrx_word' id='word_1_190' title='bbox 358 2768 548 2847; x_wconf 88' lang='lat' dir='ltr'><strong>redolentque</strong></span> <span class='ocrx_word' id='word_1_191' title='bbox 570 2770 668 2848; x_wconf 84' lang='lat' dir='ltr'><strong>thymo</strong></span> <span class='ocrx_word' id='word_1_192' title='bbox 690 2771 847 2847; x_wconf 81' lang='lat' dir='ltr'><strong>fragrantia</strong></span> <span class='ocrx_word' id='word_1_193' title='bbox 867 2767 963 2832; x_wconf 83' lang='lat' dir='ltr'><strong>mella.</strong></span> 
     </span>
     <span class='ocr_line' id='line_1_32' title="bbox 134 2850 811 2931; baseline 0.004 -22"><span class='ocrx_word' id='word_1_194' title='bbox 134 2868 168 2910; x_wconf 90' lang='lat' dir='ltr'><strong>ac</strong></span> <span class='ocrx_word' id='word_1_195' title='bbox 190 2850 278 2911; x_wconf 88' lang='lat' dir='ltr'><strong>veluti</strong></span> <span class='ocrx_word' id='word_1_196' title='bbox 300 2851 385 2912; x_wconf 90' lang='lat' dir='ltr'><strong>lentis</strong></span> <span class='ocrx_word' id='word_1_197' title='bbox 407 2851 546 2931; x_wconf 82' lang='lat' dir='ltr'><strong>Cyclopes</strong></span> <span class='ocrx_word' id='word_1_198' title='bbox 568 2852 687 2912; x_wconf 88' lang='lat' dir='ltr'><strong>fulmina</strong></span> <span class='ocrx_word' id='word_1_199' title='bbox 709 2854 811 2913; x_wconf 91' lang='lat' dir='ltr'><strong>massis</strong></span> 
     </span>
     <span class='ocr_line' id='line_1_33' title="bbox 133 2934 858 3013; baseline 0.003 -20"><span class='ocrx_word' id='word_1_200' title='bbox 133 2951 201 2993; x_wconf 91' lang='lat' dir='ltr'><strong>cum</strong></span> <span class='ocrx_word' id='word_1_201' title='bbox 222 2943 398 3013; x_wconf 90' lang='lat' dir='ltr'><strong>properant,</strong></span> <span class='ocrx_word' id='word_1_202' title='bbox 421 2934 468 2995; x_wconf 94' lang='lat' dir='ltr'><strong>alii</strong></span> <span class='ocrx_word' id='word_1_203' title='bbox 489 2935 611 2995; x_wconf 88' lang='lat' dir='ltr'><strong>taurinis</strong></span> <span class='ocrx_word' id='word_1_204' title='bbox 633 2934 750 2995; x_wconf 88' lang='lat' dir='ltr'><strong>follibus</strong></span> <span class='ocrx_word' id='word_1_205' title='bbox 772 2953 858 2996; x_wconf 91' lang='lat' dir='ltr'><strong>auras</strong></span> 
     </span>
     <span class='ocr_line' id='line_1_34' title="bbox 133 3017 875 3097; baseline 0.005 -22"><span class='ocrx_word' id='word_1_206' title='bbox 133 3017 279 3093; x_wconf 86' lang='lat' dir='ltr'><strong>accipiunt</strong></span> <span class='ocrx_word' id='word_1_207' title='bbox 300 3019 498 3096; x_wconf 90' lang='lat' dir='ltr'><strong>redduntque,</strong></span> <span class='ocrx_word' id='word_1_208' title='bbox 521 3017 568 3077; x_wconf 91' lang='lat' dir='ltr'><strong>alii</strong></span> <span class='ocrx_word' id='word_1_209' title='bbox 590 3019 738 3079; x_wconf 90' lang='lat' dir='ltr'><strong>stridentia</strong></span> <span class='ocrx_word' id='word_1_210' title='bbox 760 3020 875 3097; x_wconf 86' lang='lat' dir='ltr'><strong>tingunt</strong></span> 
     </span>
     <span class='ocr_line' id='line_1_35' title="bbox 133 3098 873 3179; baseline 0.007 -20"><span class='ocrx_word' id='word_1_211' title='bbox 133 3116 201 3159; x_wconf 88' lang='lat' dir='ltr'><strong>aera</strong></span> <span class='ocrx_word' id='word_1_212' title='bbox 223 3098 304 3168; x_wconf 78' lang='lat' dir='ltr'><strong>lacu:</strong></span> <span class='ocrx_word' id='word_1_213' title='bbox 328 3103 417 3179; x_wconf 89' lang='lat' dir='ltr'><strong>gemit</strong></span> <span class='ocrx_word' id='word_1_214' title='bbox 438 3102 569 3179; x_wconf 89' lang='lat' dir='ltr'><strong>inpositis</strong></span> <span class='ocrx_word' id='word_1_215' title='bbox 591 3102 745 3163; x_wconf 90' lang='lat' dir='ltr'><strong>incudibus</strong></span> <span class='ocrx_word' id='word_1_216' title='bbox 766 3106 873 3172; x_wconf 78' lang='lat' dir='ltr'><strong>detna余</strong></span> 
     </span>
     <span class='ocr_line' id='line_1_36' title="bbox 133 3181 816 3262; baseline 0.009 -22"><span class='ocrx_word' id='word_1_217' title='bbox 133 3181 173 3241; x_wconf 92' lang='lat' dir='ltr'><strong>illi</strong></span> <span class='ocrx_word' id='word_1_218' title='bbox 195 3183 272 3243; x_wconf 87' lang='lat' dir='ltr'><strong>inter</strong></span> <span class='ocrx_word' id='word_1_219' title='bbox 293 3202 358 3245; x_wconf 87' lang='lat' dir='ltr'><strong>sese</strong></span> <span class='ocrx_word' id='word_1_220' title='bbox 379 3202 483 3262; x_wconf 85' lang='lat' dir='ltr'><strong>magna</strong></span> <span class='ocrx_word' id='word_1_221' title='bbox 506 3185 532 3244; x_wconf 84' lang='lat' dir='ltr'><strong>ri</strong></span> <span class='ocrx_word' id='word_1_222' title='bbox 554 3185 691 3247; x_wconf 90' lang='lat' dir='ltr'><strong>bracchia</strong></span> <span class='ocrx_word' id='word_1_223' title='bbox 713 3186 816 3247; x_wconf 89' lang='lat' dir='ltr'><strong>tollunt</strong></span> 
     </span>
     <span class='ocr_line' id='line_1_37' title="bbox 132 3266 946 3349; baseline 0.005 -25"><span class='ocrx_word' id='word_1_224' title='bbox 132 3266 162 3325; x_wconf 92' lang='lat' dir='ltr'><strong>in</strong></span> <span class='ocrx_word' id='word_1_225' title='bbox 183 3282 353 3336; x_wconf 88' lang='lat' dir='ltr'><strong>numerum,</strong></span> <span class='ocrx_word' id='word_1_226' title='bbox 376 3275 551 3346; x_wconf 85' lang='lat' dir='ltr'><strong>versantque</strong></span> <span class='ocrx_word' id='word_1_227' title='bbox 571 3274 665 3331; x_wconf 88' lang='lat' dir='ltr'><strong>tenaci</strong></span> <span class='ocrx_word' id='word_1_228' title='bbox 687 3271 799 3349; x_wconf 82' lang='lat' dir='ltr'><strong>forcipe</strong></span> <span class='ocrx_word' id='word_1_229' title='bbox 820 3272 946 3331; x_wconf 89' lang='lat' dir='ltr'><strong>ferrum:</strong></span> 
     </span>
     <span class='ocr_line' id='line_1_38' title="bbox 132 3348 897 3431; baseline 0.008 -24"><span class='ocrx_word' id='word_1_230' title='bbox 132 3365 192 3408; x_wconf 93' lang='lat' dir='ltr'><strong>non</strong></span> <span class='ocrx_word' id='word_1_231' title='bbox 213 3348 310 3419; x_wconf 87' lang='lat' dir='ltr'><strong>aliter,</strong></span> <span class='ocrx_word' id='word_1_232' title='bbox 333 3352 356 3409; x_wconf 89' lang='lat' dir='ltr'><strong>si</strong></span> <span class='ocrx_word' id='word_1_233' title='bbox 378 3369 467 3428; x_wconf 85' lang='lat' dir='ltr'><strong>parva</strong></span> <span class='ocrx_word' id='word_1_234' title='bbox 489 3351 556 3413; x_wconf 88' lang='lat' dir='ltr'><strong>licet</strong></span> <span class='ocrx_word' id='word_1_235' title='bbox 578 3371 754 3431; x_wconf 88' lang='lat' dir='ltr'><strong>componere</strong></span> <span class='ocrx_word' id='word_1_236' title='bbox 775 3354 897 3430; x_wconf 87' lang='lat' dir='ltr'><strong>magnis,</strong></span> 
     </span>
     <span class='ocr_line' id='line_1_39' title="bbox 133 3429 895 3516; baseline 0.004 -23"><span class='ocrx_word' id='word_1_237' title='bbox 133 3429 288 3509; x_wconf 80' lang='lat' dir='ltr'><strong>Cecropias</strong></span> <span class='ocrx_word' id='word_1_238' title='bbox 309 3434 424 3494; x_wconf 88' lang='lat' dir='ltr'><strong>innatus</strong></span> <span class='ocrx_word' id='word_1_239' title='bbox 447 3452 516 3512; x_wconf 89' lang='lat' dir='ltr'><strong>apes</strong></span> <span class='ocrx_word' id='word_1_240' title='bbox 538 3454 620 3497; x_wconf 90' lang='lat' dir='ltr'><strong>amor</strong></span> <span class='ocrx_word' id='word_1_241' title='bbox 641 3443 748 3516; x_wconf 90' lang='lat' dir='ltr'><strong>urguet</strong></span> <span class='ocrx_word' id='word_1_242' title='bbox 769 3436 895 3497; x_wconf 78' lang='lat' dir='ltr'><strong>liabendi</strong></span> 
     </span>
    </p>
   </div>
   <div class='ocr_carea' id='block_1_3' title="bbox 0 0 1204 3878">
    <p class='ocr_par' dir='ltr' id='par_1_3' title="bbox 0 0 1204 3878">
     <span class='ocr_line' id='line_1_40' title="bbox 0 0 1204 3878; baseline 0 3"><span class='ocrx_word' id='word_1_243' title='bbox 0 0 1204 3878; x_wconf 95' lang='lat' dir='ltr'><strong> </strong></span> 
     </span>
    </p>
   </div>
  </div>
 </body>
</html>
