2400 3878
103 223 163 288 158
430 233 573 282 vunorur
595 232 720 281 anunrs
735 233 790 280 1111

101 389 215 452 luderet
235 391 362 459 leneas,
391 390 440 469 qui
460 395 489 449 te
507 396 604 449 tamen
625 406 678 449 ore
696 387 836 457 referret,

100 491 160 534 non
183 474 317 551 equidem
341 473 459 534 omnino
483 479 566 549 capta
588 489 622 532 ac
643 470 758 532 deserta
775 469 916 532 viderer!
1078 485 1134 541 m

142 556 268 617 Dixerat.
312 555 360 617 ibe
381 556 457 617 lovis
475 556 592 616 monitis
611 556 731 615 immota
750 553 870 616 tenebat

100 638 210 700 lumina
232 650 260 701 et
281 639 406 700 obnixus
424 657 525 700 curam
547 638 601 699 sub
623 638 711 699 corde
732 636 895 716 premebat

101 724 220 784 taudem
239 742 331 801 pauca
350 724 456 784 refert:
480 732 550 799 ‘ego
572 731 601 783 te
624 739 699 802 quae
720 721 845 800 plurima
867 721 955 782 fando

101 825 275 868 enumerare
292 806 370 868 vales
390 824 564 885 numquam,
588 806 704 884 regina,
723 804 838 881 negabo

99 892 289 968 promeritam
309 909 365 952 nec
384 908 432 952 me
452 890 618 951 meminisse
639 889 749 966 pigebit
769 887 896 958 Elissae,
1077 905 1132 960 3³⁶

101 974 171 1034 dum
194 992 307 1035 memor
325 976 388 1051 ipse
409 976 482 1044 mei,
506 974 576 1034 dum
597 975 716 1051 spiritus
739 973 793 1033 hos
813 974 890 1051 regit
910 980 1002 1034 artus.

99 1074 154 1135 pro
176 1075 209 1118 re
230 1075 322 1136 pauca
343 1056 456 1136 loquar.
501 1075 597 1135 neque
619 1074 673 1136 ego
694 1057 771 1118 hanc
791 1055 974 1118 abscondere
994 1057 1081 1121 barto

99 1142 213 1217 speravi
234 1140 281 1217 (ne
300 1141 386 1220 finge)
406 1141 519 1218 fugam,
542 1158 597 1201 uec
619 1141 751 1219 coniugis
768 1158 908 1219 umquam

99 1225 250 1303 praetendi
273 1225 371 1285 taedas
393 1236 443 1286 aut
463 1225 537 1286 haec
556 1226 586 1285 in
607 1225 727 1285 foedera
743 1225 817 1285 reni,

98 1326 146 1368 me
168 1309 192 1367 si
211 1308 268 1368 fata
285 1310 358 1369 meis
379 1317 549 1386 paterentur
571 1308 679 1370 ducere
700 1310 787 1369 vitam
1076 1323 1132 1379 m

98 1393 234 1469 auspiciis
258 1399 287 1453 et
307 1401 411 1470 sponte
431 1411 497 1454 mea
517 1410 694 1469 componere
716 1410 816 1462 ouras,

98 1474 205 1536 urbem
224 1475 381 1536 Troianam
402 1478 529 1554 primum
551 1476 702 1554 dulcisque
723 1493 857 1536 meorum

98 1558 237 1638 reliquias
259 1558 403 1630 colerem,
428 1558 549 1640 [Priami
570 1568 646 1621 tecta
667 1559 724 1620 alta
745 1559 913 1641 manerent]

99 1652 127 1702 et
148 1643 275 1703 recidiva
297 1661 386 1704 manu
407 1646 571 1721 posuissem
592 1645 734 1720 Pergama
755 1644 847 1704 victis.

98 1726 150 1785 sed
170 1744 248 1787 nunc
269 1727 380 1787 ltaliam
402 1745 537 1805 magnam
559 1728 693 1806 Gryneus
713 1726 831 1806 Apollo,

97 1807 208 1868 ltaliam
229 1810 333 1888 Lyciae
352 1810 463 1870 iussere
486 1828 640 1888 capessere
658 1820 766 1879 sortcs;

98 1893 145 1951 hic
168 1910 265 1961 amor,
289 1893 362 1953 haec
384 1896 477 1970 patria
496 1901 549 1954 est.
592 1895 617 1953 si
638 1902 668 1954 te
689 1895 873 1972 Karthaginis
894 1913 979 1958 arces

96 1975 286 2036 Phoenissam
307 1976 491 2056 Libycaeque
515 1988 650 2055 aspectus
671 1979 782 2039 detinet
802 1978 897 2049 urbis,

97 2075 172 2135 quae
193 2059 311 2120 tandem
333 2061 460 2120 Ausonia
482 2061 613 2121 Teucros
635 2062 789 2123 considere
809 2069 889 2122 terra

97 2142 202 2202 invidia
225 2145 286 2202 esti
306 2154 334 2203 et
355 2161 409 2203 nos
431 2144 475 2204 las
496 2154 595 2206 extera
615 2163 758 2223 quaerere
779 2162 879 2223 regna.

96 2243 144 2285 me
165 2228 256 2303 patris
276 2227 433 2298 Anchisae,
462 2230 596 2306 quotiens
618 2227 785 2290 umentibus
808 2228 921 2290 umbris

96 2326 155 2369 nox
177 2309 272 2387 operit
294 2318 403 2381 terras,
426 2314 561 2389 quotiens
578 2322 656 2373 astra
679 2315 763 2390 ignea
782 2320 921 2390 surgunt,

97 2393 234 2453 admonet
253 2395 283 2454 in
308 2397 418 2455 somnis
439 2404 467 2456 et
487 2396 605 2456 turbida
626 2405 717 2457 terret
737 2399 848 2473 imago,

96 2494 145 2538 me
167 2495 241 2554 puer
263 2479 404 2539 Ascanius
427 2481 586 2558 capitisque
604 2480 709 2541 iniuria
729 2482 803 2549 cari,

97 2578 184 2638 quem
206 2579 298 2639 regno
319 2563 477 2641 Hesperiae
497 2565 600 2625 fraudo
623 2572 652 2624 et
673 2563 806 2624 fatalibus
827 2564 911 2623 arvis.

96 2662 174 2705 nunc
192 2647 278 2706 etiam
296 2647 441 2726 interpres
464 2648 560 2710 divom
579 2649 649 2710 love
670 2650 776 2709 missus
796 2646 832 2709 ab
855 2648 918 2724 ipso

97 2727 197 2806 (testor
216 2739 373 2810 utrumque
395 2734 491 2812 caput)
514 2731 618 2793 celeris
639 2732 773 2793 mandata
793 2749 846 2810 per
866 2747 954 2792 aurae

95 2811 213 2880 detulit;
236 2814 297 2890 ipse
319 2815 407 2874 deum
428 2815 583 2875 manifesto
604 2817 634 2874 in
652 2814 761 2876 lumine
782 2816 838 2875 vidi

95 2895 250 2955 intrantem
269 2913 385 2964 muros,
409 2915 569 2975 vocemque
585 2896 631 2956 his
655 2899 775 2959 auribus
793 2899 885 2959 hausi.

95 2977 194 3037 desine
215 2996 322 3055 meque
342 2980 400 3039 tuis
420 2981 578 3041 incendere
599 2987 687 3057 teque
709 2982 860 3059 querellis:

95 3060 204 3121 ltaliam
226 3078 285 3120 non
306 3070 409 3138 sponte
430 3062 562 3141 sequor.'

136 3143 215 3204 Talia
238 3145 383 3206 dicentem
404 3146 564 3208 iandudum
585 3165 685 3210 aversa
706 3156 806 3210 tuetur

95 3228 152 3288 huc
173 3227 241 3289 illuc
261 3228 379 3291 volvens
399 3231 513 3303 oculos,
534 3238 687 3310 totumque
708 3240 842 3310 pererrat

92 3313 251 3375 luminibus
273 3315 380 3385 tacitis,
404 3317 492 3376 etsie
513 3332 636 3376 accensa
654 3317 803 3393 profatur:

92 3400 164 3457 ‘uec
184 3397 237 3456 tibi
258 3397 322 3459 diva
343 3417 465 3478 pareus,
488 3400 604 3477 generis
624 3418 680 3462 nec
701 3400 854 3462 Dardanus
875 3406 999 3474 auctor,
1072 3422 1128 3481 w,

94 3481 221 3561 perfide,
244 3482 297 3543 sed
319 3482 401 3544 duris
418 3484 516 3562 genuit
537 3490 566 3545 te
587 3483 720 3547 caubbus
740 3486 865 3545 horrens

1106 3828 1109 3833 .
1130 3758 1173 3841 ql
