2400 3878
132 185 193 245 356
459 191 602 239 vnnn1n1
621 191 746 239 annuis
764 192 814 239 111

131 349 222 410 redde
242 349 323 408 meis,
352 348 452 416 vicisti,
475 355 503 407 et
520 349 626 407 victum
645 346 765 408 tendere
784 346 895 426 palmas

131 433 252 494 Ausonii
275 431 388 499 videre:
411 438 460 491 tua
480 439 523 490 est
543 431 658 490 Lavinia
681 431 820 491 coniunx:

131 516 254 578 ulterius
277 533 315 575 ne
332 514 420 576 tende
440 514 532 574 odiis!
566 515 644 574 stetit
663 532 730 575 acer
752 516 781 575 in
804 515 893 575 armis

131 601 253 669 Aeneas,
277 598 393 659 volvens
412 597 521 666 oeulos,
545 598 735 675 dextramque
756 597 909 676 repressit;

132 691 160 744 et
181 685 238 743 iam
262 684 380 759 lamque
403 684 496 758 magis
519 688 701 742 cunctantem
724 681 842 742 flectere
864 698 962 742 sermo

132 774 280 845 coeperat,
303 765 403 826 infelix
424 783 526 827 umero
549 783 616 826 cum
640 767 776 844 apparuit
797 764 854 826 alto

131 850 247 911 balteus
270 856 298 910 et
318 851 393 910 notis
416 847 560 910 fulserunt
582 848 696 926 cingula
719 847 806 911 bullis

131 933 269 994 Pallantis
290 936 383 1011 pueri,
403 934 509 993 victum
530 951 617 1012 quent
638 931 755 994 volnere
775 932 893 994 Turnus

132 1024 274 1076 straverat
294 1025 381 1094 atque
402 1018 512 1076 umeris
533 1018 683 1078 inimicum
706 1017 818 1094 insigne
841 1016 972 1094 gerebat.

131 1099 189 1169 ilie,
214 1100 305 1160 oculis
328 1108 482 1179 postquam
504 1101 581 1160 saevi
603 1101 781 1161 monimenta
804 1099 913 1161 doloris

133 1184 307 1261 exuviasque
330 1184 434 1252 hausit,
459 1183 540 1243 iuriis
562 1201 702 1244 accensus
725 1191 754 1244 et
772 1186 815 1245 ira

132 1267 270 1328 terribilis
294 1276 378 1326 ‘tune
399 1267 468 1326 hinc
489 1265 587 1345 spoliis
610 1266 709 1328 indute
731 1286 864 1329 meorum

134 1353 258 1428 eripiare
281 1351 369 1411 mihii
402 1349 497 1412 Pallas
519 1358 549 1411 te
570 1351 626 1412 hoc
647 1349 776 1421 volnere,
800 1351 893 1412 Pallas

133 1435 264 1495 immolat
285 1444 313 1496 et
335 1453 461 1513 poenam
481 1433 623 1495 scelerato
645 1454 680 1496 ex
703 1437 843 1514 sanguine
864 1437 969 1505 sumit,’

133 1518 189 1578 hoc
207 1519 307 1578 dicens
325 1520 436 1579 ferrum
457 1518 578 1579 adverso
600 1518 654 1580 suh
677 1528 796 1596 pectore
818 1519 916 1580 condit

133 1601 270 1663 fervidus
307 1611 351 1663 ast
373 1602 412 1663 illi
434 1602 583 1663 solvuntur
606 1604 716 1679 frigere
738 1604 871 1664 membra

133 1685 246 1762 vitaque
271 1705 336 1746 cuni
360 1689 467 1763 gemitu
492 1687 564 1765 sugit
583 1687 728 1765 indignata
752 1687 805 1746 sub
829 1686 955 1748 umbrae

915 1798 1008 2075 Χ
