2400 3878
316 792 357 866 r.
382 791 596 867 vnncmr
623 791 852 870 naeuius

243 960 286 1055 Α
338 964 379 1057 Ε
431 964 477 1059 N
529 965 570 1058 Ε
622 965 647 1059 Ι
698 965 744 1059 D
799 966 842 1062 Ο
896 966 928 1062 S

417 1134 533 1194 LIBER
560 1135 761 1195 SEPTIMVS

515 1333 646 1344 —-..

84 1461 130 1522 Tu
152 1480 269 1540 queque
288 1458 422 1520 litoribus
444 1463 560 1530 nostris,
582 1463 689 1522 Aeneia
710 1465 817 1534 nutrix,

85 1552 235 1606 aeternam
256 1545 385 1605 moriens
407 1543 523 1614 famam,
542 1544 647 1614 Caieta,
669 1546 788 1614 dedisti:

86 1636 114 1690 et
134 1646 212 1688 nunc
234 1635 329 1688 servat
352 1627 447 1688 honos
466 1627 566 1688 sedem
586 1637 653 1689 tuus
675 1647 799 1709 ossaque
821 1646 927 1690 nemen

86 1711 225 1790 Hesperia
248 1712 277 1770 in
299 1728 412 1787 magna,
434 1710 516 1789 siqua
539 1719 582 1772 est
603 1731 635 1772 ea
658 1711 759 1791 gioria,
782 1713 885 1789 signat.

87 1807 113 1854 at
135 1796 199 1872 pius
221 1796 350 1872 exequiis
370 1796 482 1856 Aeneas
500 1795 556 1856 rite
574 1794 684 1868 solutis,

87 1896 193 1956 aggere
215 1880 376 1956 compositu
394 1877 506 1948 tumuli,
528 1873 763 1977 postqumrrjaita
786 1883 925 1959 quierunt

87 1980 222 2040 aequora,
247 1962 339 2022 tendit
360 1963 416 2021 iter
437 1960 507 2022 veiis
529 1972 704 2043 portumque
726 1963 873 2042 relinquit.

87 2045 238 2125 adspirant
258 2062 347 2106 aurae
366 2046 397 2105 in
419 2054 536 2106 noctem
558 2065 613 2108 nec
632 2048 754 2109 candida
777 2065 878 2108 cursus

86 2128 168 2190 Luna
189 2136 284 2204 negat,
305 2128 437 2207 splendet
457 2129 583 2189 tremulo
601 2130 656 2191 sub
679 2130 788 2192 iumine
809 2138 926 2210 pontus.

87 2213 219 2289 proxima
242 2211 378 2273 Circaeae
397 2212 540 2273 raduntur
557 2212 643 2274 litora
665 2221 771 2285 terrae,

88 2294 165 2354 dives
187 2296 350 2354 inaccessos
371 2294 421 2355 ubi
444 2295 518 2356 Solis
540 2296 597 2357 filia
618 2295 700 2357 lucos

88 2376 208 2437 adsiduo
226 2386 343 2437 resonat
364 2384 449 2437 cantu
470 2379 611 2457 tectisque
631 2379 767 2457 superbis

90 2461 145 2519 urit
166 2459 317 2519 odoratam
339 2467 483 2520 nocturna
504 2462 534 2519 in
555 2460 665 2520 lumina
689 2461 818 2527 cedrum,

89 2550 191 2619 arguto
210 2543 306 2602 tenuis
326 2559 503 2620 percurrens
524 2544 639 2621 pectine
660 2542 742 2604 teias.

89 2625 157 2685 hinc
179 2624 309 2685 exaudiri
328 2624 451 2703 gemitus
472 2627 592 2703 iraeque
614 2624 732 2686 ieonum

89 2708 182 2769 vincia
204 2715 392 2768 recusantum
415 2717 443 2767 et
463 2727 528 2768 sera
550 2708 605 2768 sub
624 2718 710 2770 nocte
730 2708 898 2775 rudentum,

88 2791 282 2870 saetigerique
304 2809 371 2852 sues
393 2798 480 2870 atque
499 2793 529 2852 in
552 2792 742 2871 praesepibus
762 2793 824 2852 ursi

87 2877 198 2937 saevire
221 2893 255 2936 ac
276 2876 389 2937 formae
411 2893 585 2952 magnorum
606 2874 719 2938 ululare
741 2876 888 2954 luporum,

90 2978 162 3037 quus
184 2958 337 3020 bominum
359 2977 393 3020 ex
413 2960 485 3021 facie
507 2959 562 3021 dea
584 2978 667 3020 saeva
688 2959 856 3039 potentibus
877 2955 976 3017 herbis

89 3043 222 3103 induerat
244 3043 328 3104 Circe
347 3044 377 3102 in
398 3043 492 3103 voltus
514 3061 548 3104 ac
567 3052 648 3121 terga
671 3045 810 3105 serarum.

90 3141 218 3202 quaene
237 3134 366 3186 monstra
385 3127 425 3204 pii
446 3134 616 3204 paterentur
635 3127 702 3188 talia
723 3127 815 3186 Troes

90 3207 176 3267 delati
193 3208 223 3266 in
243 3217 345 3287 portus
365 3227 423 3270 neu
444 3209 529 3269 litora
552 3212 614 3271 dira
637 3211 779 3277 subirent,

89 3289 240 3369 Neptunus
263 3293 354 3352 ventis
372 3292 491 3370 inplevit
510 3292 573 3354 vela
595 3293 729 3354 secundis

90 3381 177 3452 etque
199 3374 297 3454 fugam
320 3374 399 3435 dedit
421 3384 449 3436 et
469 3386 587 3456 praeter
606 3377 678 3437 vada
701 3375 808 3436 iervida
832 3378 917 3436 vexit.

1062 3047 1095 3096 20
