2400 3878
398 219 542 266 venem
557 221 681 269 ennius
698 223 751 269 1111

60 371 259 448 deripientque
281 377 359 432 rates
381 372 428 433 alii
449 373 619 435 navalibusi
641 376 697 443 ite,

64 455 138 514 ferte
157 454 206 513 citi
223 452 370 525 dammas,
391 457 457 517 date
479 456 553 526 tela,
576 457 705 534 inpellite
727 462 837 519 remos!

64 537 134 616 quid
148 536 269 614 loquor,
292 545 342 597 aut
357 539 408 600 ubi
422 542 509 600 sumi
531 558 605 619 quae
621 548 748 602 mentem
764 543 875 604 insania
890 553 995 615 mutat,
1026 559 1076 615 595

64 620 162 681 infelix
184 620 274 681 Didci
295 639 374 682 nunc
395 630 423 683 te
442 624 518 684 facta
538 626 626 701 impia
646 626 787 704 tangunt?

64 712 126 764 tum
149 705 260 773 decuit,
281 724 348 765 cum
370 713 485 783 sceptra
505 707 604 767 dabas.
649 726 685 770 en
708 710 809 771 dextra
832 710 977 792 fidesque,

65 806 152 865 quern
172 806 271 848 secum
293 790 405 867 patries
426 791 506 851 aiunt
527 797 647 869 portare
664 800 800 871 penates,

64 889 151 949 quem
173 871 296 933 subiisse
317 875 427 936 umeris
449 874 614 936 coniectum
635 883 729 937 aetate
750 881 915 954 parentem!

64 973 123 1015 non
144 957 225 1033 potui
246 955 400 1035 abreptum
422 957 558 1020 divellere
581 977 688 1039 corpus
710 969 739 1021 et
758 962 843 1021 undis
1025 973 1077 1026 600

64 1056 218 1116 spargere,
241 1058 299 1099 non
322 1043 431 1112 socios,
453 1060 512 1102 non
531 1044 626 1120 ipsum
648 1041 803 1106 absumere
826 1047 905 1106 ferro

63 1123 217 1182 Ascanium
241 1126 399 1203 patriisque
417 1124 594 1203 epulandum
618 1144 729 1205 ponere
749 1129 875 1189 mensis?

64 1224 164 1266 verum
187 1224 293 1285 anceps
314 1227 429 1287 pugnae
449 1210 545 1271 fuerat
565 1210 690 1271 fortuna.
735 1212 849 1273 fuisset:

64 1306 151 1364 quem
174 1292 265 1349 metui
286 1293 449 1353 moritura?
470 1293 548 1355 faces
570 1295 600 1352 in
622 1302 716 1355 eastra
739 1295 868 1356 tulissem

63 1372 276 1451 inplessemque
294 1375 374 1434 soros
396 1376 520 1436 dammis
543 1384 701 1456 natumque
721 1386 894 1456 patremque
1026 1387 1076 1440 606

64 1473 131 1515 cum
153 1473 260 1533 genere
283 1458 443 1526 extinxem,
467 1467 576 1519 memet
595 1476 684 1538 super
705 1462 768 1538 ipsa
789 1461 942 1520 dedissem.

64 1537 127 1606 Sol,
151 1539 200 1616 qui
222 1546 368 1600 terrarum
390 1540 514 1600 ssammis
538 1559 627 1619 opera
646 1545 743 1603 omnia
767 1542 893 1612 lustras,

65 1631 153 1701 tuque
175 1623 280 1682 harum
301 1625 447 1703 interpres
467 1642 605 1685 curarum
627 1634 655 1685 et
675 1628 790 1686 conscia
812 1627 899 1695 luno,

64 1707 272 1784 nocturnisque
293 1707 403 1767 Hecate
424 1707 514 1767 triviis
534 1707 642 1768 ululata
663 1726 718 1786 per
739 1709 842 1777 urbes,

61 1798 92 1848 et
114 1790 195 1849 dirae
216 1789 335 1850 ultrices
356 1799 385 1851 et
407 1791 435 1851 di
457 1793 607 1852 morientis
629 1792 753 1862 Elissae,
1024 1803 1076 1858 610

63 1874 184 1950 aecipite
204 1872 277 1934 haec
297 1875 493 1955 meritumque
514 1875 597 1936 malis
617 1877 757 1938 advertite
777 1895 885 1937 numen

63 1964 92 2018 et
109 1965 224 2016 nostras
246 1959 343 2020 audite
360 1976 474 2037 preces.
518 1961 543 2020 si
564 1968 682 2038 tangere
704 1968 807 2038 portus

63 2040 213 2104 infandum
236 2051 323 2122 caput
344 2062 378 2104 00
400 2044 487 2106 terris
507 2044 617 2104 adnare
640 2053 787 2105 necessest

63 2127 153 2187 etsie
175 2127 230 2185 iata
252 2129 327 2188 lovis
348 2136 487 2205 poscunt,
516 2127 564 2188 bic
583 2129 861 2189 terminuss‘baeret:

62 2216 91 2269 at
112 2208 188 2271 bello
210 2211 328 2272 audacis
347 2211 448 2291 populi
469 2219 588 2272 vexatus
608 2220 636 2272 et
658 2213 761 2280 armis,
817 2236 818 2240 ¹
867 2227 984 2316 εὴ,
1051 2205 1080 2244 ”
1129 2231 1134 2243 ’

62 2292 168 2353 finibus
190 2297 329 2364 extorris,
353 2294 508 2373 complexu
533 2296 647 2356 avolsus
669 2294 722 2354 iuli
1077 2355 1081 2361 c

62 2375 200 2435 auxilium
220 2375 347 2455 inpleret
368 2379 521 2456 videatque
543 2379 660 2454 indigna
682 2396 803 2438 suorum
889 2324 1012 2422 (Aa,
1101 2391 1108 2405 ⁸

62 2459 183 2526 iunera;
204 2477 274 2526 nec,
296 2477 364 2518 cum
385 2478 417 2520 se
439 2460 493 2519 sub
515 2460 594 2537 leges
615 2461 696 2537 pacis
717 2463 833 2539 iniquae

62 2541 226 2611 tradiderit,
248 2559 340 2619 regno
363 2549 412 2600 aut
434 2549 531 2620 optata
553 2542 618 2603 luce
640 2543 768 2611 fruatur,

62 2626 113 2685 sed
137 2623 221 2684 cadat
242 2633 308 2685 ante
331 2623 407 2685 diem
432 2625 587 2701 mediaque
609 2624 775 2684 inhumatus
797 2625 917 2684 harena.

62 2709 136 2768 baec
156 2727 278 2786 precor,
301 2708 379 2768 hanc
399 2726 501 2768 vocem
525 2716 685 2769 extremam
708 2725 774 2768 cum
795 2709 937 2783 sanguine
967 2706 1055 2766 undo.

62 2800 124 2853 turn
147 2810 211 2862 000,
232 2810 249 2851 0
272 2791 368 2871 Tyrii,
391 2793 513 2869 stirpem
536 2803 563 2853 et
585 2809 678 2869 genus
700 2809 787 2852 omne
808 2792 939 2852 futurum

64 2883 197 2938 exercete
217 2875 290 2936 odiis
314 2877 463 2954 cinerique
486 2876 559 2937 haec
578 2876 681 2936 mittite
701 2885 802 2936 nostro

61 2977 193 3020 munera.
238 2958 334 3020 nullus
355 2978 438 3020 amor
461 2960 575 3039 populis
597 2977 653 3020 nee
671 2959 792 3020 foedera
810 2967 905 3019 sunto.

63 3045 195 3104 exoriare
216 3043 319 3122 aliquis
341 3045 448 3104 nestris
470 3062 507 3105 ex
527 3044 643 3104 ossibus
662 3043 753 3113 ultor,
1024 3051 1074 3103 600

62 3128 198 3208 qui-iace
220 3127 380 3188 Dardanios
398 3129 538 3205 ferroque
562 3145 687 3207 sequare
709 3126 842 3195 colonos,

62 3228 155 3279 nunc,
178 3210 264 3281 olim,
288 3229 473 3291 quocumque
495 3212 606 3272 dabunt
626 3229 657 3270 se
680 3220 813 3288 tempore
835 3210 920 3269 vires.

61 3294 146 3355 litera
160 3292 293 3356 litoribus
310 3297 471 3364 contraria,
496 3294 633 3357 fluctibus
651 3293 744 3352 undas

62 3380 213 3455 inprecer,
237 3396 318 3438 arma
338 3380 443 3438 armis:
465 3386 597 3458 pugnent
616 3378 730 3454 ipsique
753 3374 957 3453 nepotesque'

104 3463 183 3522 Haec
204 3462 258 3528 ait,
282 3468 312 3519 et
332 3463 423 3537 partis
445 3463 572 3521 animum
595 3459 728 3519 versabat
751 3461 780 3517 in
802 3459 909 3525 omnis,
1021 3467 1075 3521 edo
