2400 3878
287 218 319 266 1³.
335 217 477 267 venusin
498 217 652 267 menonis
674 217 861 268 NARRATIO.
1027 219 1077 268 vll

80 377 109 436 Ρ.
130 375 243 437 Danielis
268 377 370 450 primus
392 376 463 435 inter
487 373 604 433 editores
629 383 778 448 spreverat,
805 374 978 432 adcodiaum
999 374 1078 433 fidem

10 519 11 525 χ
80 461 214 518 recensuit
230 459 370 533 Augustus
384 457 615 516 Reifferscheidius
635 459 663 514 in
682 457 752 515 libro
768 473 822 531 quo
837 456 959 517 Suetonii
972 468 1079 534 praeter

81 544 221 600 Caesarum
235 541 319 599 libros
333 541 460 614 reliquias
474 540 584 614 collegit
599 557 625 614 p.
642 539 684 600 54
697 558 757 614 sqq.
777 548 894 614 postque
914 559 974 602 eum
989 542 1078 598 denuo

78 626 112 682 li.
128 625 235 700 liugan,
258 627 303 698 qui
324 624 434 681 scholiis
454 623 633 683 Beruensibus
655 625 753 680 iterum
768 640 783 679 a
797 640 827 680 se
842 625 922 681 editis
943 627 1080 699 praemisit

78 711 106 766 in
126 708 257 765 annalium
279 707 506 783 philologicorum
524 707 718 781 supplementis
739 707 792 763 vol.
808 706 842 762 lV
855 725 882 782 p.
900 708 961 766 734
976 726 1036 782 sqq.
1046 702 1077 780 ¹),

79 794 139 867 ipso
155 791 277 850 Suetonii
291 790 361 850 libro
376 806 441 848 usus
453 790 600 864 discipulus
616 789 710 847 bonati
720 790 748 847 S.
764 790 990 864 Hieronymus
1006 791 1079 848 addi·

80 877 205 932 tementis
216 874 249 932 ad
263 873 372 931 Eusebil
381 874 528 931 chronicon
543 890 625 948 panca
639 873 701 930 inda
712 881 837 947 excerpta
847 876 969 938 inseruit,
985 875 1079 932 Donati

79 964 168 1015 autem
179 957 427 1016 commentariolum
442 959 470 1013 in
481 973 574 1013 versus
581 957 687 1032 redegit
701 957 836 1014 Prisciano
847 960 982 1032 antiquior
995 958 1079 1015 Pho-

79 1057 132 1098 cas
147 1043 335 1118 grammaticus
356 1039 428 1097 urbis
448 1039 561 1104 Romae,
583 1042 629 1114 qui
649 1042 676 1097 iu
691 1039 744 1097 flue
760 1043 874 1098 truncati
895 1041 927 1097 ad
948 1058 998 1099 nos
1019 1059 1080 1116 per·

79 1133 224 1185 venerunt:
254 1131 346 1182 entant
370 1126 398 1180 in
419 1123 514 1182 eodem
538 1123 605 1180 libro
631 1123 879 1183 Reifferscheidieno
906 1143 932 1198 p.
956 1125 995 1183 68
1016 1142 1078 1203 sqq.

78 1205 124 1281 (ci.
146 1208 264 1266 eiusdem
284 1215 400 1283 quaesit.
422 1207 510 1264 Suett.
532 1225 558 1281 p.
575 1207 636 1266 403
651 1225 693 1281 sq.
715 1216 742 1263 et
763 1225 831 1281 quae
845 1208 879 1264 ll.
902 1208 1033 1281 llnnptius
1052 1209 1080 1264 in

80 1291 213 1348 llermetis
228 1293 281 1349 vol.
297 1291 349 1365 lp.
366 1290 405 1347 41
422 1290 547 1364 mount).

161 1375 227 1433 Post
252 1375 384 1431 Donatum
410 1374 545 1431 hlaurus
574 1374 713 1431 Servius
742 1374 936 1432 Honoratus
962 1391 1079 1449 quoque.

78 1460 240 1519 notissimus·
254 1467 350 1532 poetae
365 1460 452 1514 nostri
469 1460 617 1532 interpres,
640 1459 721 1515 uitam
735 1461 792 1514 eius
812 1457 988 1521 adumbravit,
1009 1456 1080 1513 unde

78 1549 204 1616 excerpta
218 1549 246 1598 et
265 1558 313 1616 par
327 1543 546 1598 commentarium
566 1542 666 1614 passim
681 1540 801 1614 dispersa
819 1540 935 1597 frustula
950 1539 1079 1613 quaedam

78 1632 180 1682 extant.
211 1641 272 1681 nam
288 1641 356 1699 quae
370 1642 442 1682 nunc
462 1625 489 1680 iu
504 1624 642 1680 nonnullis
656 1622 794 1680 codicibus
814 1625 957 1697 praemissa
971 1623 1080 1680 scholiis

79 1709 182 1782 legitur
197 1708 377 1765 eruditissimo
393 1710 565 1783 grammatico
586 1723 679 1781 parum
694 1707 775 1781 digna
789 1700 934 1778 videtur2).
964 1706 1080 1780 denique

78 1793 107 1847 in
121 1792 319 1850 Bonnensibus
339 1791 446 1849 duobus
460 1790 532 1864 (172
549 1798 576 1848 et
593 1789 664 1864 167)
684 1790 758 1846 libris
779 1798 806 1846 et
825 1792 854 1847 in
868 1791 1040 1848 Monacensi
1053 1797 1081 1845 et

78 1875 235 1950 Repinensi
247 1877 345 1950 exigui
361 1875 410 1932 sed
425 1883 583 1933 tamennon
597 1890 709 1948 prorsus
724 1873 823 1930 nullius
838 1875 918 1947 pretii
931 1875 985 1930 vita
999 1880 1080 1936 extat,

79 1974 158 2031 quam
172 1967 235 2032 post
249 1958 493 2016 Reifferscheidium
508 1957 545 2031 (p.
563 1956 602 2015 52
615 1975 657 2031 sq.
673 1959 701 2013 in
716 1957 846 2031 margine)
861 1957 893 2013 ad
907 1957 1079 2013 Bernensium

79 2039 159 2100 iidem
173 2044 282 2115 repetiit
296 2042 422 2116 Hag'enus
437 2041 456 2097 l.
473 2041 491 2097 l.
508 2060 535 2115 p.
553 2040 623 2099 745.

147 2201 167 2268 ¹)
185 2203 274 2255 Huius
291 2203 356 2255 libri
372 2204 573 2255 accuratissimi
590 2217 662 2253 nunc
679 2202 743 2253 dum
760 2201 963 2267 typothetarum
977 2215 1081 2252 errores

80 2271 185 2336 corrigo
207 2269 336 2336 plagulae
357 2271 461 2335 priores
482 2285 580 2323 novem
604 2268 737 2321 beneficio
760 2269 881 2319 auctoris
903 2269 1081 2320 transmissae

79 2343 166 2467 sumi)
184 2403 406 2454 Reifferscheidii
423 2402 532 2468 quidem
550 2402 707 2455 ementitam
724 2416 785 2452 esne
797 2402 881 2452 vitam
898 2400 975 2451 illam
993 2402 1082 2453 Servii

79 2486 177 2525 nomeu
197 2470 348 2522 iudicantis
371 2474 531 2535 argumenta
554 2469 606 2524 dno
628 2469 659 2518 in
677 2483 721 2535 qn.
745 2468 832 2519 Suett.
858 2483 883 2533 p.
901 2470 950 2518 399
973 2468 1084 2532 ριὀἰαια,

79 2537 200 2591 elevavit
212 2535 374 2601 Haganual.
388 2535 406 2586 l.
418 2551 444 2600 p.
456 2536 505 2587 689
517 2534 592 2585 adm:
612 2551 731 2601 pannum
747 2534 825 2586 illum
841 2534 994 2585 Probianae
1006 2536 1081 2587 vitae
1178 2572 1182 2587 .

79 2605 208 2659 adantum
225 2617 279 2652 non
296 2617 329 2652 en
344 2602 407 2665 ipsa
424 2601 569 2663 Seruiana,
588 2601 637 2650 aad
653 2618 688 2652 ex
704 2603 878 2661 Donatiana,
897 2614 977 2663 quam
994 2602 1082 2651 inter-

79 2670 189 2737 polator
206 2667 277 2718 falso
295 2682 344 2732 pro
363 2666 495 2717 Serviane
512 2667 650 2728 habuerit,
669 2669 791 2724 fluxissea
815 2680 971 2732 perversam
989 2672 1082 2717 autem

80 2737 114 2787 de
137 2737 224 2790 morte
241 2732 357 2798 Vergilii
377 2733 533 2785 memoriam
554 2733 649 2785 deesse
671 2736 701 2784 in
722 2735 800 2786 libris
823 2732 912 2785 Servii
934 2734 1081 2784 Bem.1b‘l

80 2807 110 2854 el
127 2805 185 2855 363.
221 2800 270 2852 aad
288 2807 400 2866 praeter
416 2799 502 2851 totius
519 2800 733 2853 commentarioli
748 2800 868 2851 indolem
880 2800 1018 2851 anstilam
1034 2816 1081 2852 no-

79 2868 164 2923 tanda
182 2871 246 2919 sunl
268 2881 337 2932 quae
360 2867 389 2916 in
410 2866 607 2932 prolegomenis
627 2868 774 2919 bucolicon
791 2883 817 2932 p.
836 2869 868 2918 97
891 2866 1019 2930 leguntur
1041 2873 1082 2918 ‘et

80 2939 141 2986 dicit
157 2937 284 2993 Donatus,
303 2936 371 3000 quod
386 2937 462 2985 etiam
477 2936 503 2982 in
516 2941 611 3000 poetae
623 2936 806 2986 memoravimus
817 2936 880 2991 cita,
899 2937 924 2982 in
941 2936 1082 2985 scribendis

79 3003 230 3055 carminibus
251 3004 390 3052 naturalem
416 3002 529 3053 ordinem
549 3007 659 3050 secutum
686 3015 742 3051 esse
768 3001 919 3063 Virpilium!
960 3016 1030 3064 quae
1052 3002 1082 3051 in

79 3072 172 3121 nostra
189 3067 269 3120 hodie
287 3083 343 3118 non
354 3067 535 3133 reperiuntur.
559 3067 669 3133 plenius
682 3070 837 3117 enarratam
853 3067 882 3114 in
895 3067 1082 3117 commentarii

77 3135 208 3187 Aeneidis
230 3134 368 3199 prooemio
391 3133 544 3196 respiciunt
565 3133 650 3198 paulo
673 3147 755 3198 snpra
774 3149 800 3198 p.
818 3134 851 3182 96
868 3131 950 3181 haec:
975 3138 1081 3197 ‘poetae

78 3204 153 3254 ailam
168 3204 199 3254 im
213 3202 326 3253 Aeneide
342 3202 471 3252 demimus!
498 3203 617 3251 ueterum
628 3214 662 3249 ex
680 3199 822 3249 codicibus
838 3199 964 3249 Parisino
976 3215 1002 3248 n.
1016 3201 1081 3250 7959

79 3265 138 3332 (Ρ),
150 3267 286 3321 Barnensi
296 3282 323 3318 n.
333 3269 384 3318 999
396 3264 457 3330 (B),
477 3265 638 3317 Casuellano
650 3264 691 3328 (O)
705 3265 839 3314 lectiones
852 3269 995 3330 excerptas
1013 3265 1078 3316 libe·

78 3335 190 3387 talitate
208 3349 263 3400 qna
280 3333 352 3384 solet
369 3332 436 3382 mihi
455 3332 636 3384 commodavit
653 3332 792 3383 Gnatarns
809 3330 898 3381 Thilo.

477 3449 677 3463 ι--ι--ιι-
