2400 3878
326 239 355 284 P.
370 235 513 284 vultuum
536 237 688 287 MARONIS
712 237 900 286 manuario.
1024 229 1122 280 XXXV

197 396 239 452 Ac
251 396 399 469 principem
413 396 484 452 iuter
498 396 622 472 aequales
636 403 732 473 poetas
743 402 772 454 et
784 394 870 452 ansae
884 402 912 452 et
926 395 1045 454 habitum
1060 415 1126 459 esse

107 478 154 536 rel
170 477 382 535 obtrectatorum
398 477 542 537 multitudo
557 490 586 537 et
600 482 754 555 malignitas
769 479 949 536 demonstrat:
964 482 1036 537 inter
1050 500 1119 558 qnos

110 561 327 636 Vergiliomastiu
341 562 518 621 Numitorius
533 567 621 622 omnia
635 563 752 620 Maronis
767 564 881 619 carmina
896 563 1002 620 videtur
1016 566 1120 624 cavilla·

109 653 155 700 tus
170 637 274 717 esse¹)‚
296 645 364 701 alius
384 643 514 703 bucolicis
530 651 722 707 antibucolica
738 647 879 722 opposuit.
904 663 955 704 nec
975 648 1120 709 doluerunt

109 730 157 801 qui
167 729 296 802 georgica
307 728 410 785 insulse
420 730 565 789 irriderent
576 742 604 789 ct
614 739 764 804 carperent.
796 731 907 787 maxime
918 747 982 789 vero
991 733 1120 792 denuda

109 811 151 867 vel
172 820 315 885 antequam
331 811 402 867 edita
421 821 478 869 erat
493 818 570 888 quasi
590 831 711 888 campum
726 815 869 888 clegerunt
888 817 916 871 in
937 831 991 890 quo
1012 822 1118 892 strages

22 953 25 958 ,
112 896 192 950 invisi
206 903 303 968 poetae
318 894 438 951 ederent.
466 899 525 955 rivo
538 901 618 955 etiam
632 897 803 972 singulorum
818 896 948 955 librorum
959 902 1118 958 recitatione

110 979 217 1033 excitati
237 979 358 1052 inprimis
380 979 583 1038 Homericorum
598 983 745 1039 carmInum
765 981 837 1037 furta
852 980 1021 1046 obiecerunt.
1044 985 1118 1058 quod

109 1062 167 1132 ipsc
181 1062 281 1117 crimen
301 1062 398 1119 solitus
420 1072 461 1119 est
482 1065 521 1121 sic
541 1066 701 1128 defendere,
723 1072 753 1120 ut
773 1067 955 1139 interrogaret
975 1066 1042 1123 ‘cur
1061 1084 1117 1124 non

108 1143 147 1199 illi
163 1161 272 1218 qnoque
287 1146 379 1203 eadem
393 1146 465 1203 furta
479 1150 660 1223 temptarent?
680 1164 772 1204 verum
787 1149 990 1214 intellecturos,
1011 1150 1117 1208 lucilius

109 1243 169 1283 esse
192 1227 301 1286 Herculi
321 1230 421 1287 clavam
437 1247 515 1305 quam
536 1232 653 1289 Homero
675 1249 781 1288 versum
803 1225 996 1307 subripere2).’
1026 1237 1117 1309 inper-

109 1310 180 1366 lecta
194 1313 222 1367 in
237 1315 375 1386 praeclaro
390 1325 512 1388 poemate
527 1317 611 1372 multa
626 1331 686 1373 esse
705 1318 765 1390 ipse
780 1315 846 1372 adeo
861 1318 960 1380 sensit,
982 1325 1013 1373 ut
1026 1319 1116 1391 prius·

109 1410 188 1467 qnam
202 1395 304 1452 ltaliam
318 1397 499 1471 relinqueret,
515 1402 603 1473 egerit
617 1417 678 1455 cnm
693 1400 785 1461 Vario,
802 1399 851 1454 ‘ut
865 1400 888 1454 si
903 1400 968 1472 quid
983 1399 1034 1455 sibi
1048 1403 1115 1456 acci·

109 1478 193 1533 disset
213 1480 331 1535 Aeneida
352 1481 549 1546 combureret‚'
570 1483 642 1555 quod
663 1491 752 1538 tamen
771 1484 794 1537 ls
816 1482 949 1537 iacturum
969 1498 1000 1538 se
1019 1499 1115 1556 perne·

108 1569 193 1636 garet.
228 1564 256 1618 111
272 1571 390 1619 eatrema
410 1573 500 1620 antem
520 1565 674 1621 valetudine
695 1563 820 1620 ‘assidue
840 1566 938 1621 scrinia
953 1564 1115 1623 desideravit

107 1654 273 1702 crematurus
293 1647 379 1720 ipsea'
401 1665 469 1722 quac
485 1666 545 1706 cum
559 1665 639 1705 nemo
655 1650 679 1705 ci
695 1647 843 1711 attulisset.
859 1649 887 1704 in
902 1655 1065 1706 testamento
1081 1650 1115 1707 dc

107 1731 164 1804 ipsa
178 1729 295 1787 Aeneide
317 1735 473 1790 nominatim
496 1733 563 1790 nihil
583 1735 666 1797 cavit,
687 1747 779 1788 verum
800 1733 900 1806 scripta
919 1749 968 1788 sua
990 1734 1114 1791 universa

108 1814 184 1869 Vario
200 1831 230 1871 ac
245 1815 348 1871 Tuscae
364 1833 393 1872 ca
415 1818 573 1874 condicione
593 1816 694 1892 legavit
713 1824 745 1872 ut
765 1810 897 1890 ‘nequid
914 1818 1025 1872 ederent
1041 1817 1113 1891 qnod

107 1914 161 1953 non
181 1915 196 1954 a
219 1916 249 1954 se
271 1899 372 1956 editum
393 1904 487 1958 esset?
522 1903 655 1976 permisso
680 1901 778 1975 igitur.
805 1909 836 1955 nt
856 1898 977 1956 bucolica
997 1908 1025 1955 et
1045 1916 1113 1973 qnae

108 1982 233 2038 secundis
260 1985 331 2040 curis
352 1992 542 2042 retractaverat
566 1988 695 2060 georgica
715 1985 815 2040 iterum
836 1983 961 2045 ederent,
987 1984 1112 2039 Aeneidis

106 2079 152 2118 eos
165 2064 301 2122 dumtaxat
315 2066 409 2131 libros,
425 2084 493 2143 quos
504 2086 539 2125 ne
549 2071 709 2125 recitaverat
723 2067 829 2141 quidem
844 2065 959 2140 publice,
975 2067 1003 2123 ln
1014 2066 1112 2141 vulqus

106 2148 178 2203 exire
202 2148 299 2205 noluit.
340 2153 387 2207 sed
413 2149 482 2208 hanc
506 2155 661 2209 testamenti
684 2159 788 2223 partem
813 2151 914 2205 irritam
941 2165 1001 2205 esse
1026 2150 1113 2206 voluit

106 2232 259 2304 Angustus,
281 2235 357 2290 cuius
378 2237 454 2291 iussu
468 2236 561 2292 Varius
582 2237 705 2291 adiutore
725 2233 814 2290 Plotio
830 2249 860 2289 ea
879 2233 942 2307 lege
957 2232 1111 2298 adstrictus,

105 2322 135 2370 ut
149 2314 260 2372 adderet
275 2316 355 2380 nibil,
371 2318 454 2375 edidit
468 2335 563 2392 poema
578 2320 730 2376 summatim
745 2316 914 2374 emendatum
929 2333 963 2372 ne
978 2318 1110 2391 suppletis

105 2398 214 2471 quidem
227 2417 295 2473 quos
310 2402 368 2473 ipse
379 2411 460 2475 poeta
471 2418 579 2459 mancos
591 2401 739 2475 rellquerat
753 2400 899 2463 versiculis,
915 2401 1007 2456 recisis
1023 2409 1111 2456 tamen

106 2483 220 2538 sortasse
236 2483 393 2560 quibusdam
409 2502 477 2560 quae
491 2485 628 2559 superflua
642 2478 835 2555 adcremari).

172 2697 193 2761 ¹)
211 2699 254 2748 De
276 2698 429 2750 Numitorio
455 2697 609 2760 ceterisque
633 2695 867 2747 obtrectatoribus
894 2694 974 2759 plura
998 2694 1060 2744 vide
1082 2696 1111 2745 in

106 2763 230 2829 prolegg.
249 2780 275 2829 p.
294 2766 326 2814 96
345 2779 403 2828 sqq.
423 2764 460 2813 cf.
477 2763 588 2827 Hegeni
605 2764 623 2815 l.
641 2763 659 2813 l.
679 2779 705 2828 p.
725 2762 774 2814 686
792 2772 832 2826 aq.

172 2830 194 2894 ²)
212 2832 338 2881 Donatus
360 2847 385 2895 p.
408 2832 441 2880 66
462 2829 492 2880 R.
515 2830 672 2881 Macrobius
695 2829 752 2880 Set.
774 2830 799 2879 V
820 2831 849 2891 3,
871 2830 905 2879 46
927 2827 1111 2893 Hieronymus

106 2897 193 2963 praef.
212 2897 287 2952 hebr.
308 2903 412 2962 quaest.
430 2898 459 2944 in
477 2897 603 2947 Genesim
622 2901 643 2950 t.
660 2897 704 2948 ΠΙ
720 2913 746 2962 p.
766 2897 814 2947 301
827 2895 899 2947 Vall.
933 2894 969 2947 ci.
988 2896 1111 2960 prolegg.

107 2967 154 3015 112
172 2981 184 3016 a
205 2999 213 3015 .

172 2979 260 3095 ⁸)q‘L.
282 3034 386 3082 Varium
403 3038 428 3080 et
449 3032 557 3080 Plotium
578 3031 696 3093 Tuccam,
720 3033 763 3095 qui
779 3031 833 3079 eiua
849 3030 969 3079 Aeneida
983 3034 1043 3092 post
1059 3028 1112 3078 obi·

106 3108 155 3149 tum
177 3102 245 3148 iussu
263 3099 383 3148 Caesaris
400 3099 571 3149 emendarunt.
603 3099 635 3147 de
657 3114 706 3162 qua
724 3113 752 3146 re
770 3096 878 3160 Sulpicii
896 3095 1112 3158 Cartbapiaiensia

106 3173 196 3216 extant
222 3166 359 3216 huiusmodi
380 3162 479 3215 uersos’
505 3179 528 3216 e.
553 3178 578 3226 q.
601 3178 622 3213 a.
646 3169 750 3227 ‘eperat
774 3179 827 3212 cum
849 3164 943 3221 Vario,
964 3163 1111 3225 priusquam

106 3235 186 3282 Italia
205 3235 352 3290 decederet,
370 3239 397 3281 ut
416 3231 650 3290 ...comburereu
667 3231 716 3280 aed
732 3232 754 3279 ia
768 3229 895 3291 facturum
906 3244 933 3277 se
951 3245 977 3291 p.
990 3229 1111 3305 ipitur'ia

106 3308 221 3350 extrema
238 3301 373 3350 ualitudine
397 3300 499 3349 oasidoe
518 3300 658 3361 ...ipset
680 3311 764 3346 oerum
786 3297 881 3345 amidae
903 3296 1028 3359 offerente
1050 3293 1111 3341 arbal

107 3370 205 3434 quidem
217 3369 358 3416 nominatim
371 3369 402 3416 de
415 3382 446 3415 ea
463 3367 538 3414 cauit.
559 3371 670 3414 ceterum
687 3365 766 3413 eidem
781 3361 862 3412 Vario
879 3377 910 3412 ac
927 3363 999 3410 airam
1013 3359 1110 3407 Tuccae

105 3437 204 3497 scripta
225 3450 271 3483 sua
293 3433 338 3483 sub
360 3450 392 3483 ea
414 3434 560 3483 condicione
583 3432 675 3495 leqaoit
697 3445 728 3479 ae
751 3430 813 3494 quid
834 3463 841 3478 .
883 3464 890 3477 .
913 3432 989 3477 esset.
1030 3425 1111 3502 edidit

106 3509 187 3551 uatem
210 3509 314 3550 auctore
336 3502 451 3566 Auposto
477 3500 586 3558 Varius,
613 3499 661 3547 sed
684 3497 820 3546 summatim
842 3495 987 3548 emendata,
1013 3497 1040 3537 ut
1069 3504 1109 3553 qua
