2400 3878
143 134 204 196 aot
458 145 489 192 r.
513 144 658 193 venarer
681 145 835 193 nunonis

142 300 192 360 llio
214 319 272 378 quo
293 301 422 378 primum
445 299 610 360 dominatus
632 300 724 360 Roma
746 299 889 378 superbos

184 385 305 444 mutarit
326 381 448 461 placidis
470 392 602 462 tempore
624 382 801 444 consulibus.

143 466 247 537 multa,
271 484 367 545 neque
388 468 548 535 inmeritis,
572 466 690 527 donavit
710 468 841 546 praemia
863 465 997 535 alumnis,

184 552 315 630 praemia
336 549 476 609 Messallis
499 553 625 610 maxima
647 549 813 628 Poplicolis.
1123 555 1160 608 40

143 654 211 695 naui
233 634 303 711 quid
325 650 380 710 ego
401 635 528 693 inmensi
549 651 712 694 memorem
734 632 830 693 studia
851 634 905 692 ista
927 631 1055 692 laboris?

185 716 305 777 horrida
327 716 397 795 quid
420 717 511 777 durae
533 726 668 795 tempora
689 716 829 777 militiae?

143 810 238 861 castra
261 802 325 861 foro
348 800 464 871 solitos,
487 800 555 861 urbi
575 819 761 881 praeponere
783 808 887 868 castra,

184 893 243 944 tam
265 882 369 963 procui
391 886 448 944 hoc
469 885 567 954 Latio,
591 893 649 944 tam
671 882 775 962 procul
797 883 852 943 huc
873 883 986 960 patriai

143 967 324 1028 inmoderata
347 970 409 1045 pati
430 970 488 1028 iam
510 968 621 1046 frigora
643 969 759 1046 iamque
781 965 911 1026 calores?
1124 975 1160 1027 «tt

184 1060 309 1113 stertere
332 1053 376 1110 rel
398 1052 472 1115 dura
493 1070 579 1129 posse
603 1069 692 1129 super
714 1050 814 1111 silicet

141 1154 228 1214 saepe
252 1144 363 1195 trucem
387 1135 508 1195 adverso
530 1134 643 1213 perlabi
665 1134 762 1193 sidere
784 1133 923 1211 pontum?

183 1236 270 1297 saepe
292 1236 374 1278 mare
396 1218 530 1278 audendo
553 1219 686 1285 vincere,
710 1234 799 1295 saepe
821 1215 966 1277 hiemem?

142 1321 229 1381 saepe
251 1303 338 1362 etiam
361 1302 468 1362 densos
488 1303 638 1362 inmittere
660 1317 766 1379 corpus
788 1302 820 1359 in
842 1301 940 1361 hostes

184 1403 370 1446 communem
392 1385 462 1445 belli
483 1404 538 1446 nec
560 1386 690 1445 timuisse
713 1384 819 1444 deumi
1123 1390 1160 1444 oc

142 1488 221 1531 nunc
243 1468 355 1529 celeres
376 1469 472 1537 Afros,
495 1471 632 1548 periurae
655 1467 735 1529 milia
757 1469 862 1545 gentis

185 1571 272 1613 aurea
295 1571 373 1613 nunc
395 1552 491 1632 rapidi
512 1553 632 1613 ilumina
655 1553 736 1611 adire
758 1551 848 1629 Tagi?

142 1655 220 1698 nunc
243 1636 330 1697 aliam
353 1655 388 1697 ex
411 1636 466 1696 alia
488 1635 625 1697 bellando
647 1653 790 1714 quaerere
813 1642 942 1712 gentem,

183 1723 300 1780 n'ncere
323 1728 352 1780 et
375 1719 484 1781 Oceani
504 1719 611 1781 finibus
634 1719 771 1780 ulterius?

142 1822 201 1864 non
224 1814 357 1864 nostrum
380 1812 424 1864 est
447 1812 549 1873 tantas,
573 1822 641 1873 non,
664 1806 792 1882 inquam,
816 1802 960 1878 attingere
982 1797 1093 1875 laudes,
1122 1812 1159 1865 oo

184 1889 254 1966 quin
276 1889 369 1947 ausim
392 1889 448 1946 hoc
471 1889 557 1946 etiam
581 1888 693 1956 dicere,
719 1888 764 1945 vix
785 1885 938 1950 hominum
960 1892 1019 1944 est:
1152 1954 1157 1965 .

142 1972 204 2048 ipsa
227 1970 313 2038 haec,
336 1971 399 2046 ipsa
422 1970 519 2029 terent
540 1987 641 2029 rerum
663 1977 854 2029 monumenta
877 1986 931 2047 per
953 1966 1069 2037 orbem,

183 2055 246 2131 ipsa
268 2052 325 2112 sihi
347 2054 498 2130 egregium
520 2053 597 2112 iacta
619 2051 708 2112 decus
729 2053 860 2131 parient;

142 2154 195 2196 nos
218 2154 251 2195 ea
274 2154 348 2214 quae
371 2143 468 2196 tecum
490 2137 638 2196 tinxerunt
659 2137 789 2196 carmina
812 2135 878 2203 divi,

184 2218 324 2298 Cynthius
347 2227 375 2279 et
396 2220 509 2290 Musae,
532 2218 666 2280 Bacchus
687 2227 717 2279 et
737 2218 844 2296 Aglaie.
1120 2229 1159 2281 tto

141 2305 165 2362 si
188 2303 305 2363 laudem
328 2303 493 2381 adspirare,
516 2303 635 2363 humilis
657 2303 682 2362 si
703 2301 786 2362 adire
809 2320 954 2374 camenas,

183 2388 208 2446 si
229 2388 324 2466 patrio
348 2387 451 2448 Graios
474 2389 604 2447 carmine
626 2386 708 2447 adire
730 2386 805 2446 sales

141 2489 310 2549 possumus,
334 2472 440 2550 optatis
462 2470 528 2549 plus
548 2473 607 2532 iam
628 2469 816 2549 procedimus
838 2471 923 2549 ipsis:

183 2555 240 2615 hoc
261 2557 331 2615 satis
353 2563 411 2624 est;
434 2555 536 2633 pingui
558 2553 600 2615 nil
620 2554 693 2614 mihi
716 2572 782 2613 cum
804 2551 922 2633 populo.

629 2706 689 2767 XII.

141 2809 244 2884 Aspice
282 2824 370 2885 quem
392 2804 486 2865 valido
508 2805 664 2866 subnixum
687 2804 779 2882 gloria
801 2822 894 2882 regno

182 2888 268 2949 altius
290 2897 320 2949 et
341 2887 416 2949 caeli
437 2889 554 2949 sedibus
577 2888 733 2949 extulerat:

139 2982 287 3033 terrarum
308 2972 356 3032 hic
378 2970 456 3031 bello
478 2989 617 3049 magnum
638 2979 826 3033 concusserat
848 2970 959 3041 orbem,

181 3056 230 3117 hic
252 3072 337 3131 roges
358 3054 443 3113 Asiae
464 3054 606 3132 fregerat,
629 3055 678 3114 hic
700 3052 837 3134 populos;

140 3140 189 3200 hic
211 3156 298 3218 graue
319 3138 469 3198 servitium
491 3139 545 3198 tibi
565 3140 640 3208 iam,
663 3136 729 3206 tibi,
752 3137 860 3204 Roma,
883 3135 998 3198 serebat
1140 3150 1160 3207 3

183 3222 290 3299 (cetera
313 3239 440 3299 namque
462 3223 516 3282 viri
538 3221 659 3301 cuspide
682 3219 892 3299 conciderant),

139 3324 207 3367 cum
229 3305 324 3365 subito
347 3307 378 3363 in
400 3306 496 3365 medio
518 3324 619 3367 rerum
642 3303 802 3363 certamine
824 3321 965 3382 praeceps

182 3390 307 3458 corruit,
331 3406 347 3447 e
368 3390 461 3467 patria
484 3389 585 3467 pulsus
606 3390 638 3447 in
661 3385 803 3446 exsilium.
