2400 3878
106 194 208 242 xxnrr
416 188 634 238 naumann
656 190 808 240 scamnis
832 252 836 259 ,

111 365 189 423 quam
204 365 264 405 cum
279 348 343 404 olim
358 350 386 404 in
401 348 500 404 annall.
521 347 626 422 philoll.
642 346 730 402 LXXV
744 365 772 421 p.
789 347 828 405 65
844 365 905 421 sqq.
922 350 1112 412 enarraverim.

108 434 151 488 bie
165 433 250 505 signis
265 431 298 487 ad
313 441 415 488 textum
431 432 560 506 adpositis
574 425 726 502 indicavi¹).

189 514 253 570 lnde
268 514 426 571 Maecenatis
441 531 523 570 suasu
538 523 569 570 ut
587 514 756 570 desertorum
777 531 826 587 per
846 513 914 570 bella
928 513 1014 570 civiba
1029 531 1112 588 agro-

106 615 165 653 rum
180 597 332 654 Italicorum
347 598 479 655 culturam
498 614 568 653 novo
584 597 673 653 studio
688 599 861 653 resuscitaret
881 599 1047 671 georgica
1067 599 1112 654 rel

106 688 209 754 septem
224 680 266 736 vel
281 696 377 736 novem
392 683 467 736 aunis
483 682 590 752 scripsit
605 673 851 753 emendavitque²):
873 689 901 736 et
915 682 1034 736 recitarit
1048 697 1112 752 per·

106 763 206 820 lectum
227 780 296 835 opus
322 779 372 837 per
399 765 554 819 continuum
575 763 752 836 quadriduum
777 779 885 820 reverso
907 780 940 819 en
960 765 1020 819 Asia
1045 774 1111 836 post

106 848 238 902 Actiacam
264 847 399 901 victoriam
427 855 507 919 atque
534 846 636 902 Atellae
662 844 864 903 reficiendarum
889 846 1005 903 faucium
1030 861 1110 904 causa

106 930 282 985 commoranti
296 927 400 984 Caesari
414 937 556 1002 praesente
570 929 733 992 Maecenate,
756 931 801 1002 qui
817 929 924 1003 legendi
940 931 1009 985 vices
1024 931 1111 986 susci·

105 1019 195 1086 peret,
224 1019 326 1067 aestate
346 1013 408 1066 anni
431 1011 489 1069 725
512 1018 573 1068 ante
600 1012 764 1085 triumphum
784 1028 876 1069 mense
895 1012 990 1068 Sextili
1010 1011 1110 1068 Romae

106 1103 203 1157 actum,
220 1101 249 1149 ut
264 1095 431 1150 incolravisse
446 1111 514 1150 anno
532 1096 592 1153 716
607 1095 649 1150 vel
665 1096 724 1151 717
741 1089 899 1165 videatur3).
931 1095 1004 1169 quod
1020 1103 1110 1150 tamen

105 1176 248 1232 interiecto
269 1178 377 1249 propria
392 1193 472 1232 manu
486 1177 609 1233 Cornelio
625 1177 701 1233 Gallo
721 1193 791 1233 anuo
808 1176 868 1234 728
888 1179 926 1233 ita
946 1179 1109 1240 retractavit.

108 1262 184 1315 utin
207 1261 294 1332 quarti
314 1258 375 1314 libri
395 1268 471 1332 parte
492 1261 574 1315 altera
595 1276 646 1332 pro
667 1259 788 1316 laudibus
810 1262 885 1316 amici
906 1260 970 1316 olim
984 1262 1110 1332 Aegypto

107 1343 246 1416 praelecti,
269 1343 344 1398 cuius
360 1344 519 1398 auctoritate
533 1345 647 1399 Aristaei
667 1345 805 1399 inventum
821 1341 983 1404 firmaverat.
1005 1343 1106 1416 Orphei

107 1425 223 1482 labulam
238 1420 408 1498 insereret4).
444 1442 494 1482 nee
509 1425 606 1483 desunt
627 1426 677 1482 alia
691 1426 868 1483 secundarum
890 1443 1012 1484 curarum
1028 1427 1110 1481 vesti·

106 1511 162 1582 gia,
189 1525 348 1583 quamquam
372 1510 460 1583 ipsum
481 1519 617 1567 auctorem
646 1513 743 1567 iterum
769 1513 897 1585 georgica
922 1511 1037 1567 edidisse
1058 1524 1110 1564 nec

173 1633 193 1699 ¹)
213 1636 373 1702 Corrupisse
399 1653 460 1688 meo
488 1639 597 1702 quidem
623 1655 705 1690 sensu
731 1642 819 1704 magis
845 1654 927 1703 quam
952 1639 1109 1688 restituisse

107 1706 195 1752 erlem
206 1704 394 1766 Vergilianum
407 1705 515 1753 videtur
533 1707 579 1769 qui
596 1721 682 1769 nuper
701 1706 734 1756 de
747 1707 901 1768 eclogarum
913 1705 1110 1769 compositione

109 1769 138 1818 in
160 1767 262 1818 snnsll.
284 1770 388 1832 philoll.
414 1770 478 1818 1865
501 1786 526 1834 p.
545 1773 595 1820 344
613 1786 671 1834 sqq.
692 1772 822 1820 disseruit
843 1773 875 1820 R.
893 1772 1001 1834 Peiper.
1038 1783 1109 1832 quas

108 1838 200 1885 auiam
216 1836 246 1884 in
263 1835 334 1885 libro
352 1834 402 1885 ‘de
421 1841 562 1898 poetarum
581 1837 746 1886 Graecorum
763 1835 945 1885 bucolicorum
962 1859 997 1870 -·
1013 1835 1109 1882 carmi-

107 1901 185 1951 nibus
208 1902 237 1952 in
255 1901 359 1964 eclogia
377 1917 393 1950 a
411 1902 534 1964 Vergilio
556 1903 710 1966 expressis’
734 1906 829 1951 contra
846 1916 888 1949 mo
903 1901 1107 1964 'disputaverat

108 1967 186 2017 (iusi.
209 1966 259 2018 Ad.
284 1968 411 2018 Gebnner
433 1969 487 2016 iam
509 1969 653 2017 maximam
680 1974 786 2033 partem
808 1968 862 2017 sibi
882 1968 937 2032 ipsi
959 1965 1107 2030 displicere

109 2039 173 2083 ante
191 2033 297 2097 aliquoi
314 2049 400 2083 annos
420 2034 520 2083 litteris
537 2035 604 2082 mihi
622 2034 796 2098 significavit.

172 2099 193 2161 ²)
212 2102 284 2150 ‘item
299 2103 434 2163 proposuit
449 2100 589 2151 Maecenas
604 2104 736 2164 peorpica,
755 2117 819 2166 qaae
835 2102 939 2164 scripsit
956 2101 1107 2150 emendavit-

108 2182 154 2231 que
171 2174 267 2229 septem
283 2169 372 2215 annis’
390 2165 447 2230 (VI
459 2169 498 2216 oet
512 2167 570 2215 VII
582 2169 655 2217 annis
672 2169 752 2218 Bern.
771 2169 936 2232 quadriennio
954 2164 1108 2228 Guelferb.)

107 2233 218 2282 Servius
230 2234 258 2281 in
270 2232 328 2281 viis
341 2248 367 2296 p.
381 2235 403 2281 1.
421 2233 545 2283 ‘bucolica
553 2236 661 2284 triennia
672 2233 782 2300 (biennio
793 2234 897 2298 Suum),
909 2235 1029 2297 peorpica
1041 2233 1108 2295 VII,

106 2299 223 2348 Aeneida
240 2297 285 2346 XI
298 2299 411 2362 perfecit
429 2300 516 2348 annis'
534 2303 660 2351 Donatus
677 2316 703 2366 p.
720 2303 753 2352 60
770 2302 803 2351 R.
821 2302 956 2365 ‘peorpica
977 2301 1108 2366 septennio

106 2379 142 2414 ser
150 2367 221 2428 iprsit,
237 2367 358 2428 peorpica
375 2365 515 2415 Maecenas
528 2370 680 2430 postulauit‘
698 2368 814 2418 Iunilius
832 2369 861 2417 in
880 2367 964 2419 schol.
978 2367 1058 2417 Bern.
1072 2366 1109 2415 ad

106 2446 148 2495 ge.
166 2431 179 2480 1
198 2433 222 2479 1.
241 2434 317 2494 ‘post
332 2432 410 2481 baec'
433 2431 580 2498 (bucolica)
604 2436 688 2484 ‘ruris
706 2442 849 2499 praecepta
870 2436 970 2485 colendi
987 2432 1109 2493 Quattuor

107 2500 227 2559 apposuit
244 2497 329 2546 libris:
347 2514 378 2548 en
390 2501 517 2549 commoda
529 2507 614 2550 terrae
626 2502 737 2552 Edocna't
745 2504 850 2567 peminis
862 2517 928 2553 anno
939 2503 1017 2550 minus
1029 2500 1109 2549 amnia

104 2566 206 2614 lustris'
225 2564 332 2614 Phocus
349 2581 375 2616 r.
394 2567 426 2616 96
439 2581 497 2631 sqq.
517 2566 553 2616 ci.
571 2567 694 2632 prolegg.
713 2571 745 2619 13
757 2583 797 2633 sq.

175 2630 197 2696 ³)
216 2633 351 2696 ‘pearpica
378 2647 480 2682 reverso
503 2641 565 2697 post
586 2635 718 2685 Actiacam
742 2637 872 2686 uictoriam
894 2635 1008 2699 Aupusto
1034 2640 1109 2696 atque

107 2697 209 2748 Atellae
227 2701 419 2761 reficiendarum
433 2700 545 2762 faucium
561 2717 639 2751 causa
656 2705 818 2753 commoranti
833 2718 882 2766 per
898 2703 1037 2750 continuum
1049 2714 1108 2762 qua·

106 2766 222 2814 driduam
244 2767 304 2827 tepit
325 2767 478 2828 suscipiente
500 2766 654 2817 Maecenate
678 2771 778 2834 inpendi
797 2770 873 2818 vicem
895 2769 1008 2830 quotiens
1029 2767 1106 2813 inter·

105 2833 246 2893 peltaretur
267 2833 323 2891 ipse
344 2833 412 2880 vocis
433 2832 587 2894 offensione'
610 2836 735 2885 Donatus
753 2851 779 2899 p.
797 2837 828 2884 61
846 2836 878 2884 R.
899 2833 963 2883 vide
985 2828 1106 2895 prolegg.

106 2911 132 2960 p·
152 2898 281 3026 ll)⁵l}1}pp
292 2965 389 3011 autem'
409 2962 529 3030 (Gallus)
547 2969 657 3017 ‘amiens
672 2970 774 3033 Virpiiii
784 2969 861 3024 adeo,
879 2972 906 3014 ut
918 2968 1022 3029 quartus
1032 2976 1106 3026 peor-

105 3032 216 3092 picorum
234 3045 250 3076 a
267 3031 348 3079 medio
371 3045 447 3095 usque
470 3033 505 3080 ad
522 3035 597 3095 finem
614 3036 667 3084 eius
688 3037 778 3085 laudes
801 3039 910 3091 teneret,
933 3043 996 3095 quos
1016 3036 1106 3092 postea

107 3098 205 3145 iubente
218 3096 332 3159 Aupusto
345 3099 372 3145 in
384 3097 501 3147 Aristaei
509 3101 619 3162 fabulam
630 3103 797 3151 commutam'i’
811 3097 923 3148 Servius
934 3096 969 3147 ad
980 3097 1031 3146 ecl.
1043 3096 1069 3145 X
1082 3098 1105 3142 l.

108 3167 183 3212 ‘sane
207 3164 333 3212 sciendum
354 3170 483 3228 utsupra
505 3167 614 3216 diximus
635 3169 743 3216 nltimam
760 3172 861 3229 partem
881 3164 954 3213 buius
975 3163 1034 3212 libri
1050 3176 1105 3211 esse

107 3238 231 3281 mutatam.
266 3244 322 3278 nam
338 3232 426 3280 laudes
446 3231 513 3281 Galli
527 3233 612 3283 babuit
628 3236 697 3283 locus
713 3234 767 3294 ille,
786 3233 829 3297 pai
845 3245 909 3280 nunc
927 3229 1035 3294 Orpdei’
1055 3226 1106 3294 (sic

109 3297 170 3347 Vei.
189 3297 288 3346 Aristei
305 3302 330 3345 et
349 3296 421 3360 Orfei
437 3299 499 3347 Par.
518 3301 633 3348 Aristaei
651 3299 745 3363 Orphei
756 3301 834 3350 Voss.
854 3307 882 3347 et
899 3293 992 3359 Barb.)
1011 3297 1106 3346 ‘conti-

108 3369 149 3414 net
164 3364 288 3427 fabulam,
307 3379 370 3427 qnae
388 3367 485 3414 inserta
502 3371 553 3423 est,
569 3373 701 3431 postquam
720 3369 787 3416 irato
804 3366 919 3429 Aapasto
937 3364 1023 3414 Gallus
1040 3363 1106 3413 oeci-

107 3446 149 3481 sus
166 3434 219 3481 est'
237 3430 309 3481 idem
326 3430 361 3480 ad
379 3446 422 3495 ge.
440 3431 479 3482 tv
497 3432 520 3482 1.
539 3433 574 3485 ef.
593 3433 715 3498 prolegg.
734 3435 765 3482 22
784 3447 823 3497 sq.
