2400 3878
389 205 532 254 vunorm
556 203 681 253 nnuma
700 205 736 252 m
977 265 981 272 Ι
1009 192 1069 254 205

56 363 104 426 hie
121 361 246 424 multum
268 361 327 423 heti
350 361 386 422 ad
407 377 530 439 superos
550 359 686 438 belloque
708 359 809 420 caduci

56 446 253 515 Dardanidae,
272 464 346 524 quos
367 445 415 506 ille
438 447 532 505 omnis
553 443 641 521 longo
666 445 768 504 ordine
793 462 918 505 cerneus

56 531 211 610 ingemuit,
232 529 434 608 Glaucumque
455 528 650 606 Medontaque
671 527 968 605 Thersilochumque,

56 615 109 676 tris
130 614 340 683 Antenoridas,
360 614 517 691 Cererique
540 630 656 673 sacrum
677 611 837 692 Polyboten

57 699 234 776 Idaeumque
254 699 340 758 etiam
363 715 483 767 currus,
506 698 592 757 etiam
612 714 693 756 arma
715 703 871 756 tenentem.

58 783 247 843 circumstant
266 783 380 842 animae
401 782 503 842 dextra
518 780 657 858 laevaque
680 781 848 840 frementes.

57 883 112 925 nec
132 865 236 926 vidisse
257 865 347 927 semel
366 869 435 926 satis
458 873 515 931 est:
537 865 615 924 iuvat
635 881 728 942 usque
750 863 859 923 morari

58 957 87 1008 et
108 950 244 1010 conferre
263 950 387 1026 gradum
410 956 438 1010 et
456 947 590 1009 veniendi
612 947 725 1008 discere
746 965 856 1008 causas.

57 1042 87 1092 at
106 1033 238 1095 Danaum
258 1050 400 1112 proceres
421 1034 726 1111 Agamemnoniaeque
749 1029 910 1109 phalanges

58 1124 88 1175 ut
111 1117 211 1178 videre
233 1119 327 1178 virum
348 1116 546 1196 fulgentiaque
567 1133 647 1176 arma
670 1134 724 1193 per
745 1114 880 1183 umbras,

56 1200 168 1277 ingenti
190 1201 337 1279 trepidare
358 1210 453 1261 metu:
476 1219 545 1279 pars
563 1207 678 1261 vertere
696 1208 793 1277 terga,

59 1301 113 1344 ceu
136 1285 283 1364 quondam
305 1285 417 1362 petiere
438 1293 532 1353 rates:
555 1301 624 1362 pars
642 1282 744 1344 tollere
764 1301 866 1344 vocem

58 1368 207 1444 exiguam,
230 1369 363 1445 inceptus
386 1367 497 1428 clamor
518 1368 676 1428 frustratur
697 1367 812 1427 hiantis.

99 1459 194 1530 Atque
215 1451 262 1512 hic
282 1451 448 1511 Priamiden
469 1450 607 1510 laniatum
627 1468 752 1528 corpore
771 1456 832 1509 toto

58 1534 243 1613 lleiphobum
265 1534 349 1603 vidit,
371 1532 502 1594 lacerum
525 1530 683 1592 crudeliter
704 1551 770 1602 ora,

58 1636 110 1678 ora
130 1636 293 1696 manusque
315 1617 429 1686 ambas,
453 1615 650 1695 populataque
671 1622 804 1692 tempora
824 1617 915 1693 raptis

58 1701 178 1762 auribus
202 1709 230 1762 et
250 1708 370 1761 truncas
391 1700 545 1760 inhonesto
567 1698 688 1760 volnere
708 1701 796 1760 naris.

57 1787 104 1846 vir
122 1786 194 1847 adeo
212 1786 348 1862 adgnovit
365 1786 541 1862 pavitantem
562 1801 597 1844 ac
619 1784 681 1843 dira
700 1792 847 1861 tegentem

57 1868 213 1948 supplicia,
234 1875 263 1930 et
284 1869 360 1929 notis
382 1867 537 1946 compellat
558 1867 679 1929 vocibus
696 1866 791 1929 ultro:

58 1953 225 2031 ‘Deiphobe
242 1955 435 2031 armipotens,
457 1969 549 2030 genus
574 1951 632 2013 alto
651 1971 666 2011 a
690 1952 830 2030 sanguine
850 1952 971 2024 Teucri,

58 2038 123 2115 quis
144 2044 204 2098 tam
228 2037 354 2099 crudelis
377 2037 485 2114 optavit
501 2054 619 2098 sumere
638 2037 768 2115 poenas?

58 2123 104 2181 cui
126 2127 239 2182 tautum
261 2121 298 2182 de
319 2128 348 2181 te
369 2120 470 2181 licuit?
492 2120 563 2180 mihi
583 2120 660 2181 lama
682 2137 819 2198 suprema

57 2213 143 2265 nocte
159 2203 226 2266 tulit
246 2205 356 2266 fessum
379 2215 456 2265 vasta
478 2212 508 2265 te
529 2205 619 2265 caede
637 2203 792 2283 Pelasgum

57 2288 250 2365 procubuisse
271 2306 361 2368 super
383 2288 522 2349 confusae
543 2289 648 2367 stragis
669 2307 814 2350 acervom.

58 2378 128 2432 tuuc
151 2380 267 2451 egomet
287 2371 432 2434 tumulum
448 2373 580 2432 Rhoeteo
599 2372 686 2433 litore
700 2374 817 2434 inanem

59 2457 195 2516 constitui
217 2465 245 2516 et
265 2473 371 2533 magna
392 2457 486 2516 manis
508 2464 553 2515 ter
575 2474 647 2517 voce
666 2459 774 2517 rocavi.

59 2556 166 2599 nomen
187 2550 215 2600 et
236 2559 318 2600 arma
337 2539 434 2600 locum
453 2547 584 2599 servant:
606 2547 652 2609 te,
674 2541 781 2609 amice,
806 2543 922 2619 nequivi

59 2624 230 2700 conspicere
249 2631 277 2685 et
295 2624 389 2701 patria
411 2623 557 2683 decedens
574 2640 685 2701 ponere
707 2623 810 2684 terra.'

58 2705 95 2766 ad
117 2725 191 2784 quae
213 2707 388 2769 Priamides:
410 2705 498 2767 ‘nihil
519 2724 536 2765 o
558 2707 610 2766 tihi
632 2707 724 2767 audeo
741 2707 889 2777 relictum;

59 2791 156 2850 omnia
174 2790 327 2870 lleiphobo
349 2790 458 2852 solvisti
481 2797 510 2851 et
531 2791 642 2852 funeris
663 2790 784 2852 umbris.
832 2863 844 2873 N

58 2872 111 2934 sed
124 2893 171 2936 me
193 2875 251 2935 lata
273 2894 339 2936 mea
361 2883 390 2936 et
410 2873 507 2936 scelus
530 2873 642 2936 exitiale
659 2875 809 2938 Lacaenae

58 2956 103 3016 his
120 2976 251 3020 mersere
271 2958 437 3029 malis;‚illa
459 2959 532 3020 haec
552 2960 731 3020 monimenta
752 2962 877 3041 reliquit.

58 3057 185 3120 namque
205 3050 238 3103 ut
258 3060 427 3120 supremam
449 3043 520 3104 lalsa
541 3044 617 3104 inter
639 3045 744 3122 gaudia
766 3055 883 3107 noctem

59 3127 219 3202 egerimus,
240 3129 331 3197 nosti;
352 3135 381 3188 et
400 3128 522 3188 nimium
544 3129 711 3189 meminisse
732 3148 853 3192 necesse
869 3141 920 3190 est.

59 3225 126 3269 cum
148 3207 241 3269 latalis
263 3228 333 3270 ecus
354 3211 429 3272 saltu
448 3229 538 3288 super
562 3211 654 3273 ardua
676 3213 754 3272 venit

59 3292 203 3368 Pergama
221 3299 248 3353 ct
270 3301 414 3354 armatum
435 3293 564 3373 peditem
586 3298 682 3372 gravis
703 3296 796 3356 attulit
815 3295 894 3368 alvo,

59 3372 107 3436 illa
130 3375 253 3436 chorum
274 3377 414 3439 simulans
432 3378 566 3439 euhantis
588 3381 668 3456 orgia
692 3380 802 3439 circum

59 3456 188 3521 ducebat
207 3459 361 3538 Phrygias:
392 3460 540 3522 llammam
560 3462 656 3523 media
677 3464 740 3540 ipsa
760 3464 878 3525 tenebat
