2400 3878
110 192 137 242 X
411 189 459 236 DE
484 189 564 237 vird
585 189 630 237 ΕΤ
651 187 803 238 SCRIPTIS

107 350 162 406 vita
185 347 315 410 decessit,
336 353 402 420 toga
423 345 491 402 ahili
501 339 521 417 ¹)
541 345 719 402 Mediolanum
738 352 923 421 transgressus
942 343 1023 418 paulo
1044 352 1107 419 posi

108 447 178 489 anno
194 424 310 506 701s53
327 427 437 485 Romam
451 421 564 502 venit2).

190 512 228 570 lbi
247 515 367 586 primum
382 512 542 569 rhetoricam
557 512 675 569 exercuit
696 510 765 585 apud
786 512 919 584 Epidion
933 519 1067 569 oratorem
1074 505 1106 584 ³).

108 612 187 671 quem
207 605 314 670 praeter
329 594 394 653 alios
409 593 444 651 ll.
460 595 569 651 Antonii
584 602 612 651 et
626 593 743 651 Caesaris
759 593 892 652 Octaviani
906 602 1108 669 praeceptorem

107 681 193 737 luisse
212 696 272 736 curn
293 677 415 736 adfirmet
435 676 580 735 Suetonius
600 676 634 734 de
654 693 766 751 gramm.
787 685 815 734 et
833 679 903 736 rhet.
920 676 960 734 28
975 675 1031 750 (4),
1052 694 1107 734 non

111 761 277 836 inprobabile
292 770 334 818 est
349 759 490 817 Octaviano
505 762 557 819 iam
578 769 634 818 tum
648 760 842 818 consuetudine
856 761 944 834 aliqua
958 761 1108 817 innotuisse

111 845 318 903 adulescentem.
349 843 397 900 sed
417 843 450 900 ad
469 843 587 902 forensia
606 845 715 918 negotia
729 844 772 903 rel
791 845 911 918 corporis
926 842 1107 901 imbecillitate

108 929 315 985 minimenatum
326 925 472 990 ‘felicitas’,
488 929 563 985 utait
574 919 713 998 senessi),
729 927 1008 1001 ‘ingeniiinoratione
1018 925 1108 982 soluta

107 1008 239 1083 reliquii',
251 1010 429 1067 tardissimum
441 1011 519 1066 etiam
530 1012 559 1068 in
569 1006 692 1067 sermone
702 1025 733 1066 ao
742 1027 828 1085 paene
838 1010 948 1068 indocto
960 1002 1106 1081 simitemi).

108 1109 175 1167 ergo
189 1109 295 1210 zamam
315 1093 385 1168 apud
403 1092 503 1151 iudices
520 1110 598 1151 unam
619 1094 728 1149 omnino
749 1095 806 1168 egit
824 1109 875 1149 nec
895 1093 1007 1166 amplius
1029 1107 1108 1166 quam

107 1176 192 1232 semel
210 1174 230 1248 ).
373 1172 389 1187 ”

193 1256 252 1326 Quo
267 1261 366 1315 maiore
385 1261 511 1317 incensus
526 1257 671 1332 cupiditate
686 1264 796 1314 natmae
810 1273 904 1314 arcam
922 1255 1108 1331 perscrutandi

108 1341 143 1398 ad
166 1342 363 1416 philosophiam
384 1357 414 1398 se
435 1341 589 1416 applicavit,
610 1342 738 1415 magistro
758 1357 823 1396 usus
844 1341 947 1398 Sirone
965 1339 1107 1413 Epicureo,

108 1424 244 1482 Ciceronis
272 1440 380 1499 quoque
401 1424 539 1488 familiari,
566 1426 641 1480 cuius
661 1423 799 1497 disciplina
823 1440 876 1480 una
899 1439 960 1480 cum
979 1422 1108 1494 Alpheae

118 1501 412 1581 Varoimhutussst7).
440 1515 531 1564 extant
542 1507 619 1564 iamhi
630 1507 778 1563 Catulliano
791 1507 853 1564 slilo
864 1506 939 1582 digni
950 1504 1036 1578 (catal.
1044 1503 1108 1577 Vll),

176 1699 196 1762 ¹)
215 1701 342 1751 Donatus
359 1717 385 1767 p.
403 1704 448 1765 55,
467 1704 508 1751 14.

175 1764 197 1832 ²)
216 1766 362 1830 ‘Verqilius
387 1775 487 1832 sumpta
514 1773 574 1830 toqa
596 1767 767 1817 Mediolanum
793 1768 981 1829 iransqrediiur
1001 1773 1027 1816 ei
1051 1773 1111 1830 posi

108 1833 183 1884 breue
210 1839 305 1896 tempus
330 1833 432 1884 lionam
455 1836 556 1897 perqit’
583 1832 618 1895 (a.
643 1831 703 1896 illl)
730 1831 912 1897 Hieronymus
938 1831 982 1886 Ol.
1000 1832 1062 1894 181,
1084 1835 1109 1882 4.

109 1899 249 1949 ‘Cremona
265 1898 436 1950 Mediolanum
453 1907 479 1949 ei
495 1902 554 1950 inde
570 1901 646 1963 paula
662 1904 723 1964 posi
740 1899 840 1949 tranuit
857 1899 884 1947 ia
900 1898 999 1948 urhem’
1017 1898 1109 1948 Dona-

109 1970 154 2016 tus
172 1980 199 2029 p.
217 1966 263 2024 55,
283 1967 327 2024 17,
344 1966 394 2016 nbi
410 1965 523 2030 vulgata
541 1966 689 2030 ‘Neapolim
705 1966 821 2015 transiit’
840 1964 932 2015 habet.
953 1963 1018 2014 inde
1037 1964 1109 2029 apud

110 2031 235 2083 Servium
247 2031 276 2080 in
287 2032 348 2082 viia
365 2032 467 2096 legitur
484 2033 605 2082 ‘diuersas
618 2033 644 2082 in
661 2034 723 2082 loeis
734 2047 837 2096 operam
855 2033 936 2082 literas
952 2032 1036 2087 dedita
1053 2046 1111 2080 nam

110 2097 295 2161 etrCrenmm
316 2105 343 2148 et
363 2098 506 2149 Mediolani
526 2105 552 2148 et
573 2099 683 2163 Neapoli
705 2100 819 2158 studuit!
858 2096 1008 2149 Mediolani
1030 2112 1111 2162 qaam

111 2163 338 2214 doraani'uindia
355 2169 449 2214 narrat
466 2164 574 2215 Plinius
593 2181 635 2230 ep.
653 2165 688 2216 lv
706 2167 746 2215 1³.
877 2209 879 2212 ,

176 2229 197 2292 ⁸)
216 2235 258 2279 ‘ui
278 2233 386 2294 marma
400 2247 428 2282 se
446 2233 550 2282 contulit
567 2232 668 2282 nomam
686 2230 783 2295 (romae
800 2228 907 2295 codd),
929 2231 1025 2282 studuit
1041 2232 1112 2294 apud

108 2296 229 2360 Epidiam
245 2304 372 2348 oratorem
389 2313 442 2347 caan
456 2298 566 2348 Caesare
577 2298 706 2362 Aaqasto'
724 2298 783 2348 vita
799 2298 955 2349 Bernensis.
979 2302 1048 2347 ‘cum
1062 2299 1111 2347 iasa

109 2364 207 2412 summis
219 2365 376 2428 eloquentiae
388 2365 532 2416 doctoribus
542 2373 657 2424 ammei,
676 2366 703 2414 ia
718 2365 777 2415 belii
786 2365 865 2415 anilis
882 2372 996 2428 tempora
1011 2365 1109 2414 ineidii’

111 2428 266 2481 Probianae
284 2431 358 2483 vitae
376 2434 527 2495 excerptor.

176 2491 188 2526 ⁴
218 2496 284 2548 Exc.
303 2502 424 2548 controv.
441 2497 529 2562 1111).
546 2499 610 2561 331,
630 2498 662 2547 11
679 2498 711 2551 Β.

109 2629 142 2678 58
167 2559 200 2679 8⁵9
217 2561 247 2613 c.
260 2562 364 2614 Melissi
375 2563 448 2628 apud
464 2565 603 2616 Donatum
619 2578 646 2629 p.
658 2565 700 2627 58,
718 2564 832 2616 iaerha
843 2568 920 2616 sunia
938 2565 974 2615 ci.
987 2563 1110 2630 prolege·

176 2694 201 2756 ⁰)
218 2696 323 2746 Donati
340 2696 358 2748 l.
376 2696 396 2749 l.
414 2698 508 2749 verba.

176 2760 197 2822 7)
217 2766 281 2811 ‘aem
298 2763 345 2812 tibi
361 2763 478 2814 Sironem
489 2764 567 2815 Maro
580 2765 684 2817 contulit
699 2765 757 2827 ipsa
767 2765 909 2826 aspamam
925 2763 1005 2812 Roma
1020 2767 1112 2825 poiens

107 2840 278 2891 proceresque
300 2843 359 2878 suos
381 2829 427 2878 tior·
450 2832 534 2881 sunnis
555 2831 660 2882 amiran
683 2830 765 2881 Pollio
787 2829 926 2881 Maecenas
947 2827 1031 2879 Varus
1049 2827 1114 2878 Gar·

109 2893 189 2943 nedses
201 2895 302 2951 ardent,
324 2893 359 2945 Te
370 2895 420 2945 stoi
431 2898 535 2961 quisque
546 2897 623 2960 rapit,
639 2911 689 2960 per
701 2903 725 2947 le
736 2897 846 2946 uicturus
857 2895 883 2944 ia
893 2896 992 2946 aerma’
1005 2893 1111 2946 Phoaaa

109 2975 136 3010 r.
155 2959 188 3009 33
206 2973 265 3023 sqq.
291 2962 357 3010 ‘uuit
378 2965 472 3027 eccequi
498 2969 592 3013 sectans
619 2962 785 3026 Epicuream,
812 2976 884 3026 quam
910 2961 1037 3013 didicerat
1062 2967 1112 3009 tarr

113 3026 236 3089 Virqilius
259 3041 332 3091 qaam
363 3027 448 3078 Varus
475 3030 579 3078 docente
605 3027 713 3078 Sirone’
740 3027 851 3078 Servius
874 3025 910 3076 ad
937 3026 985 3076 ecl.
1010 3025 1049 3078 VI
1070 3028 1111 3075 13.

110 3097 163 3140 ‘en
179 3092 274 3142 maiore
292 3100 374 3143 autern
393 3102 470 3158 parte
492 3093 607 3146 Sironem
617 3096 760 3158 acquiram
775 3109 844 3144 saum
860 3093 1013 3157 Epicureum
1029 3093 1113 3157 sequi·

110 3160 167 3208 tar'
186 3157 260 3206 idem
277 3158 397 3210 adden.
415 3162 454 3211 VI
472 3162 530 3210 264.
550 3161 586 3210 cf.
604 3159 688 3211 schol.
705 3160 803 3214 Veron.
822 3158 923 3210 edaci:
941 3159 980 3209 Vl
997 3161 1012 3209 9
1031 3173 1057 3223 p.
1069 3159 1110 3217 74,

110 3226 126 3275 5
146 3225 179 3274 Κ.
198 3224 262 3286 ‘suit
279 3231 360 3276 autem
376 3227 461 3277 Varus
479 3228 663 3291 condiscipulus
678 3227 791 3290 Virqilil,
810 3242 880 3291 quem
894 3226 1014 3290 fraterno
1026 3239 1112 3276 amore

110 3293 218 3342 Mkaeii’
237 3291 423 3344 sch01.Bern.
443 3293 479 3342 sd
497 3293 549 3343 ecl.
567 3293 607 3344 VI
625 3295 665 3345 11.
701 3293 862 3359 allegorisla
879 3293 1012 3357 inperitus
1033 3290 1113 3342 tinxit

111 3371 182 3423 qnae
195 3357 297 3407 ibidem
309 3359 345 3408 ad
357 3376 382 3411 r.
397 3362 427 3411 13
440 3360 620 3410 adnotantnrr
638 3361 714 3410 ‘iios’
734 3359 874 3424 (Chromin
890 3356 1112 3426 etqldnaryllum)

110 3428 175 3489 ‘pro
188 3427 367 3490 condiscipulis
383 3427 486 3491 Virqilii
501 3428 620 3490 accipere
632 3426 759 3488 debenus,
781 3428 853 3477 Varo
863 3427 960 3497 sedicet
977 3433 1003 3477 et
1023 3426 1113 3483 ihesu.
