2400 3878
540 209 663 256 eunus.
1043 197 1103 258 365

98 370 150 430 has
170 376 271 427 manet
292 368 415 426 heroum
438 371 540 425 contra
562 381 674 423 manus,
697 364 746 422 hic
768 369 798 422 et
818 370 941 442 uterque
1054 373 1104 424 296

98 451 237 513 Aeacides
260 449 374 529 (Peleus
396 466 522 527 namque
545 456 574 507 et
595 447 766 508 Telamonia
788 446 879 505 virtus

97 554 151 615 per
173 552 275 595 secura
297 534 387 613 patris
408 532 553 592 laetantur
575 533 709 601 numina,
732 547 857 608 quorum

99 619 222 679 conubis
244 619 341 678 Venus
364 624 393 676 et
413 616 512 677 Virtus
533 616 658 675 iniunxit
679 614 837 674 honorem:

97 703 177 763 hunc
198 704 296 782 rapuit
316 699 472 769 Periboea,
495 698 576 759 illum
598 700 702 760 Nereis
724 698 849 771 amavit).

99 786 212 846 adsidet
233 787 288 847 hac
309 786 435 854 iuvenis,
453 784 578 843 sociatae
601 782 694 861 gloria
716 781 812 849 sortis,

100 887 181 939 acer,
204 871 391 937 inexcussus,
414 867 547 928 reterens
570 885 585 926 a
608 867 729 928 navibus
750 866 827 943 ignis

101 952 241 1032 Argolicis
261 954 404 1032 Phrygios
425 959 507 1013 torva
530 952 645 1010 feritate
667 950 809 1030 repulsos.

99 1055 116 1096 o
138 1038 203 1116 quis
225 1055 284 1097 non
305 1038 417 1098 reserat
438 1035 503 1096 talis
525 1036 646 1096 divortia
669 1034 749 1104 belli,

99 1139 173 1198 quae
195 1120 301 1181 Troiae
322 1121 422 1180 videre
443 1121 497 1179 viri
520 1119 677 1198 videreque
699 1119 778 1187 Grai,

99 1203 223 1263 Teucria
246 1222 312 1265 cum
334 1222 440 1283 magno
463 1211 596 1264 manaret
617 1205 758 1281 sanguine
779 1199 866 1261 tellus

99 1293 128 1347 et
151 1287 256 1346 Simois
277 1287 443 1365 Xanthique
465 1288 575 1365 liquor,
599 1288 743 1367 Sigeaque
765 1293 887 1364 propter

98 1368 183 1429 litora
206 1388 272 1429 cum
294 1370 386 1429 Troas
408 1373 485 1430 saevi
507 1371 588 1430 ducis
609 1372 744 1430 Hectoris
765 1372 808 1428 ira

98 1453 199 1512 videre
221 1454 251 1512 in
274 1451 382 1512 classes
403 1454 521 1512 inimica
544 1461 643 1512 mente
665 1453 801 1528 Pelasgas

98 1537 218 1598 volnera
239 1535 297 1596 tela
320 1552 408 1594 neces
429 1536 505 1611 ignis
534 1535 644 1594 inierre
666 1542 794 1613 paratos.

97 1623 160 1700 ipsa
181 1608 404 1697 iugisnamque
426 1618 474 1678 lda
497 1626 601 1697 patens
623 1617 843 1684 frondentibus,
865 1618 928 1694 ipsa

97 1704 147 1765 lda
170 1704 248 1763 laces
270 1702 355 1763 altrix
379 1702 491 1781 cupidis
512 1700 673 1779 praebebat
694 1700 828 1772 alumnis,

98 1790 192 1848 omnis
213 1789 297 1847 utin
320 1789 434 1846 cineres
455 1786 580 1846 Rhoetei
601 1785 695 1845 litoris
717 1802 769 1844 ora

97 1870 238 1932 classibus
260 1871 402 1931 ambustis
422 1870 540 1930 llamma
562 1869 704 1946 flagrante
726 1867 856 1928 daretur.

96 1957 166 2015 hinc
185 1963 248 2015 erat
270 1956 419 2034 oppositus
441 1962 528 2014 conto
551 1953 739 2014 Telamonius
760 1952 848 2012 heros
1053 1959 1103 2010 315

97 2039 271 2118 obiectaque
294 2039 382 2099 dabat
403 2037 498 2118 clipeo
521 2039 694 2108 certamina,
718 2044 748 2097 et
768 2035 849 2095 illinc

96 2124 204 2183 Hector
226 2130 302 2191 erat,
326 2123 431 2183 Troiae
453 2140 599 2183 summum
616 2120 719 2193 decus,
743 2139 811 2181 acer
832 2127 965 2196 uterque,

96 2205 268 2266 fulminibus
290 2206 378 2267 veluti
400 2207 501 2284 fragor
524 2207 618 2267 editus
667 2249 928 2266 ......

96 2289 213 2365 ignibus
234 2290 283 2348 hic
309 2289 434 2370 telisque
456 2309 547 2370 super
569 2291 594 2349 si
617 2286 776 2370 [classibus
799 2290 909 2373 Arpos]

97 2374 224 2449 eriperet
246 2370 371 2441 reditus,
395 2374 469 2431 alter
490 2372 628 2431 Volcania
650 2371 729 2431 ferro
1053 2378 1104 2429 320

96 2454 215 2513 volnera
237 2461 387 2532 protectus
409 2452 558 2531 depellere
580 2453 701 2513 navibus
722 2455 820 2514 instat.

96 2539 149 2597 hos
172 2536 255 2596 sedet
276 2536 416 2597 Aeacides
438 2535 517 2597 voltu
538 2535 661 2595 laetatus
684 2537 820 2607 honores

96 2621 316 2699 Dardaniaeque
339 2620 413 2681 alter
434 2620 500 2680 fuso
522 2618 601 2698 quod
623 2621 764 2696 sanguine
787 2620 897 2697 campis

94 2706 240 2765 Hectoreo
262 2706 354 2763 victor
376 2704 509 2764 lustravit
531 2721 655 2781 corpore
678 2703 806 2763 Troiam.

95 2808 197 2850 rursus
220 2787 326 2848 acerba
348 2788 485 2857 fremunt,
508 2787 591 2847 Paris
611 2786 691 2846 hunc
713 2787 791 2864 quod
805 2786 877 2847 letat
892 2794 920 2848 et
934 2786 1020 2849 huius
1054 2797 1102 2848 325

95 2872 170 2933 alma
194 2872 268 2933 dolis
290 2872 384 2933 lthaci
405 2873 498 2932 virtus
520 2871 598 2950 quod
621 2871 748 2931 concidit
770 2873 836 2932 icta.

93 2956 162 3033 huic
184 2958 261 3035 gerit
282 2976 399 3018 aversos
421 2955 518 3036 proles
540 2956 656 3016 Laertia
680 2955 771 3019 voltus

94 3047 124 3098 et
145 3041 203 3099 iam
226 3041 387 3120 Strymonii
408 3041 498 3101 Rhesi
519 3042 669 3120 victorque
691 3041 819 3111 Dolonis,

93 3119 211 3179 Pallade
232 3124 290 3182 iam
311 3124 436 3185 laetatur
459 3143 561 3194 ovone,
585 3143 745 3204 rursusque
767 3125 916 3185 tremescit

93 3204 151 3261 iam
175 3204 296 3264 Ciconas
318 3209 435 3285 iamque
456 3208 560 3268 horret
581 3215 665 3266 atrox
686 3208 884 3282 Laestrygone
906 3214 999 3265 natos.
1050 3211 1101 3262 330

93 3283 175 3343 illum
199 3285 294 3362 Scylla
315 3307 406 3366 rapax
429 3289 549 3349 canibus
571 3289 720 3347 succincta
742 3286 874 3346 Molossis

94 3368 295 3444 Aetnaeusque
317 3371 454 3449 Cyclops,
477 3371 560 3430 illum
583 3368 723 3429 Zanclaea
746 3369 907 3444 Charybdis

94 3450 287 3528 pallentisque
317 3450 396 3510 lacus
419 3460 449 3510 et
470 3452 599 3529 squalida
622 3451 744 3510 Tartara
765 3457 888 3511 terrent.
