2400 3878
384 216 669 266 vnnomrsnnms
685 218 736 266 vu
1007 206 1067 270 235

55 373 204 443 horridus,
227 370 431 450 Herculeoque
453 388 573 432 umeros
593 373 717 433 innexus
740 374 858 444 amictu,
1018 381 1069 434 ooo

55 455 180 520 terribili
203 457 340 534 inpexum
364 472 397 515 os
419 462 583 516 saetacum
608 455 744 517 dentibus
767 455 840 518 albis
1018 465 1068 515 coi

56 542 175 604 indutus
198 540 293 620 capiti,
317 539 360 599 slc
380 536 460 614 regia
482 547 558 599 tecta
579 539 705 601 subibat.
1162 556 1165 561 ’

99 627 175 686 Tum
196 624 306 701 gemini
328 621 434 682 iratres
455 621 587 684 Tiburtia
606 625 722 684 moenia
744 622 865 694 lincunt,
1019 631 1071 681 070

56 710 156 770 fratris
177 706 294 767 Tiburti
315 706 420 775 dictam
444 708 618 784 cognomine
637 714 764 784 gentem,

57 791 234 869 Catillusque
255 807 382 869 acerque
404 790 503 863 Coras,
525 790 632 866 Argiva
649 792 793 862 iuventus,

57 884 86 937 et
106 877 229 954 primam
254 881 321 935 ante
342 874 435 934 aciem
457 873 547 934 densa
568 876 644 936 inter
665 874 722 936 tela
745 876 897 937 seruntur·

57 978 111 1021 ceu
135 960 193 1019 duo
215 957 381 1038 nubigenae
404 974 470 1017 cum
493 958 602 1018 vertice
622 960 729 1018 montis
751 958 787 1019 ab
806 958 863 1020 alto

58 1042 238 1104 descendunt
258 1042 399 1124 centauri,
421 1039 564 1101 Homolen
587 1041 768 1142 Othrquue
789 1042 913 1104 nivalem

57 1127 220 1204 linquentes
240 1142 328 1186 cursu
351 1106 469 1202 rapido;
493 1125 542 1186 dat
564 1125 725 1187 cuntibus
717 1143 821 1206 mgens

57 1208 128 1269 silva
149 1208 245 1270 locum
268 1218 297 1271 et
317 1226 424 1285 magno
447 1192 554 1270 cedunt
573 1192 698 1287 virgulta
720 1211 848 1288 fragore.

101 1293 162 1354 Nec
184 1294 390 1353 Praenestinae
413 1292 551 1353 lundator
574 1293 667 1355 defuit
688 1294 780 1365 urbis,

58 1375 184 1436 Volcano
203 1377 333 1450 genitum
355 1393 462 1453 pecora
485 1378 561 1437 inter
579 1378 704 1454 agrestia
726 1396 827 1455 regem

57 1463 265 1536 inventumque
284 1458 358 1518 iocis
379 1460 473 1517 omnis
497 1477 584 1536 quem
606 1460 729 1523 credidit
749 1468 828 1521 aetas

60 1543 210 1605 Caeculus.
245 1541 325 1602 hunc
342 1540 400 1601 late
422 1538 498 1618 legio
520 1543 675 1602 comitatur
697 1544 832 1621 agrestis:

61 1629 170 1705 quique
193 1625 283 1685 altum
304 1625 461 1685 Praeneste
486 1625 542 1684 viri
564 1626 672 1704 quique
697 1642 764 1685 arva
789 1626 918 1703 Gabinae

58 1711 179 1772 lunonis
201 1708 388 1787 gelidumque
408 1708 550 1768 Anienem
572 1715 601 1768 et
621 1708 735 1770 roscida
755 1710 823 1770 rivis

59 1794 187 1856 Hernica
210 1810 278 1854 saxa
302 1791 409 1862 colunt,
433 1809 505 1871 quos
527 1792 605 1853 dives
628 1793 758 1871 Anagnia
777 1795 878 1872 pascit,

59 1895 142 1956 quos,
165 1878 309 1957 Amasene
328 1883 421 1953 pater.
455 1893 514 1935 non
536 1874 593 1936 illis
613 1877 749 1938 omnibus
769 1895 860 1948 arma,

59 1980 114 2022 nec
136 1959 220 2040 clipei
242 1977 383 2021 currusve
405 1967 524 2019 sonant:
545 1977 614 2038 pars
633 1962 758 2021 maxima
781 1961 900 2039 glandes

57 2044 172 2106 buentis
194 2045 307 2122 plumbi
328 2045 447 2123 spargit,
469 2061 539 2121 pars
561 2043 671 2121 spicula
693 2051 786 2121 gestat

59 2127 126 2189 bina
141 2146 240 2198 manu,
261 2128 413 2205 fulvosque
433 2127 494 2206 lupi
517 2126 553 2188 de
574 2126 650 2206 pelle
671 2126 786 2204 galeros

58 2220 175 2289 tegmen
196 2212 305 2273 habent
323 2213 419 2292 capiti,
441 2211 561 2289 vestigia
582 2212 662 2271 nuda
683 2212 793 2272 sinistri

58 2297 212 2356 instituere
232 2295 325 2373 pedis,
348 2297 457 2357 crudus
479 2297 550 2372 tegit
568 2293 659 2355 altera
680 2312 763 2372 pero.

101 2378 138 2437 lit
155 2378 313 2456 Messapus,
338 2397 422 2440 ecum
441 2379 576 2458 domitor,
597 2378 742 2455 Neptunia
762 2376 870 2456 proles,

61 2479 148 2559 quem
170 2478 265 2539 neque
287 2461 330 2520 las
351 2463 410 2538 igni
430 2461 566 2537 cuiquam
588 2477 644 2519 nec
664 2467 796 2520 sternere
814 2461 904 2531 ferro,

59 2547 118 2604 iam
130 2543 255 2641 pridem
276 2544 388 2604 resides
409 2542 533 2620 populos
554 2542 731 2619 desuetaque
751 2542 829 2603 bello

61 2629 175 2705 agmina
194 2628 225 2685 in
245 2643 326 2686 mma
348 2633 431 2686 vocat
451 2623 548 2685 subito
567 2623 739 2702 ferrumque
760 2632 908 2687 retractat

60 2712 90 2771 hi
113 2710 309 2770 Fescenninas
327 2711 404 2770 acies
426 2723 593 2785 aequosque
613 2704 743 2768 Faliscos

60 2879 90 2937 hi
113 2877 242 2939 Soractis
264 2875 373 2938 babent
392 2895 474 2959 arces
492 2873 679 2953 Flaviniaque
701 2894 795 2937 arva

62 2969 90 3022 et
111 2961 214 3022 Cimini
236 2979 303 3022 cum
321 2968 420 3022 monte
444 2960 540 3021 lacum
562 2958 703 3059 lucosque
722 2959 862 3038 Capenos.

60 3063 115 3105 nec
138 3046 290 3123 quisquam
312 3052 424 3107 aeratas
447 3046 524 3105 acies
547 3063 582 3105 ex
604 3045 719 3121 agmine
740 3051 821 3105 tanto

61 3129 177 3187 misceri
199 3136 290 3206 putet,
312 3131 422 3190 aeriam
442 3128 492 3189 sed
514 3129 628 3206 gurgite
649 3127 687 3188 ab
709 3127 767 3189 alto

61 3214 180 3288 urgueri
201 3211 352 3274 volucrum
373 3230 529 3273 raucarum
553 3212 589 3271 ad
610 3211 695 3272 litora
717 3210 836 3274 nubem.

61 3295 143 3355 ibam
165 3296 279 3371 aequati
300 3314 424 3357 numero
447 3313 605 3374 regemque
628 3295 781 3373 canebant,

61 3397 114 3439 ceu
138 3377 283 3455 quondam
305 3380 382 3440 nivei
403 3378 511 3457 liquida
535 3381 613 3438 inter
634 3377 754 3438 flumina
773 3380 864 3456 cycni,

62 3480 128 3522 cum
146 3479 211 3522 sese
233 3480 249 3522 e
269 3468 355 3540 pastu
374 3462 506 3524 referunt
529 3469 558 3522 et
579 3460 666 3538 longa
685 3478 808 3521 canoros
