2400 3878
395 209 679 260 vnneroranunrs
696 212 760 259 vm
1024 199 1087 263 248

70 364 151 426 robis
169 365 334 428 Mercurius
354 373 439 444 pater
457 374 510 437 est,
534 384 622 447 quern
645 365 769 427 candida
789 366 863 428 Maia

70 447 204 530 Cyllenae
223 449 321 528 gelido
343 458 521 530 conceptum
540 451 650 513 vertice
671 451 760 520 ludit:

68 541 99 594 at
118 533 232 603 hlaiam,
255 533 360 596 auditis
380 535 406 595 si
428 535 586 614 qtdcquam
607 534 763 604 credimus,
781 533 891 604 hdans,

67 617 147 679 idem
167 616 269 679 Atlans
290 624 421 695 generat,
444 617 518 680 caeli
540 620 591 698 qui
612 619 709 680 sidera
729 615 814 679 tollit.

67 700 110 762 sic
130 719 223 780 genus
244 703 400 764 amboruun
421 703 528 764 scindit
548 721 581 764 se
605 704 748 781 sanguine
770 701 807 763 ab
831 720 901 764 uno.

67 784 114 846 his
136 785 229 847 iretus
247 804 309 847 non
329 785 442 864 legatos
463 805 560 865 neque
580 788 675 865 prima
696 805 750 865 per
767 794 861 848 artem

67 875 276 949 temptamenta
297 872 341 933 tui
362 873 476 950 pepigi:
498 888 555 939 me,
577 873 706 949 meipso
727 889 885 950 meumque

66 951 162 1015 ohieei
183 961 270 1033 caput
292 963 320 1016 et
341 953 466 1034 supplex
487 955 524 1015 ad
544 953 644 1015 limina
666 958 741 1018 veni.

65 1052 139 1115 gens
158 1038 270 1110 eadem,
289 1056 365 1118 quae
383 1047 422 1110 te,
443 1037 556 1100 crudeh
578 1038 689 1100 Daunia
710 1038 790 1101 hello

66 1122 245 1200 insequitur;
267 1142 322 1185 nos
343 1126 368 1185 si
389 1122 509 1202 pellant,
531 1122 605 1183 nihil
626 1124 709 1184 aiore
732 1124 866 1192 credunt,

65 1207 137 1285 quin
160 1224 277 1268 omnem
299 1206 472 1288 Hesperiam
490 1208 608 1287 penitus
628 1226 680 1270 sua
698 1208 753 1268 suh
775 1209 844 1285 luga
863 1209 978 1269 mittant

66 1289 110 1369 [et
131 1308 213 1354 mare
235 1293 315 1372 quod
334 1310 424 1372 supra
447 1299 565 1354 teneant
587 1293 726 1371 quodque
748 1291 838 1353 adluit
860 1291 959 1373 inira].

64 1375 166 1452 accipe
183 1375 279 1455 slaqsae
296 1377 401 1438 fldem:
424 1385 494 1437 sunt
515 1375 601 1436 nobis
620 1376 707 1438 fortia
726 1375 803 1437 bello

63 1465 193 1537 pectora,
215 1468 284 1522 sunt
305 1461 394 1522 animi
416 1468 445 1523 et
465 1459 556 1522 rebus
577 1468 708 1539 spectata
728 1461 883 1522 iuventus!

106 1541 225 1606 Dixerat
240 1545 363 1607 Aeneas.
398 1544 447 1607 ille
468 1562 502 1605 os
520 1542 681 1622 oculosque
702 1542 848 1622 loquentis

62 1625 223 1689 iandudum
245 1637 274 1690 et
293 1636 388 1690 totum
409 1627 552 1690 lustrabat
574 1627 684 1687 lumine
710 1644 827 1704 corpus.

63 1716 126 1772 tum
147 1712 191 1774 sic
210 1730 305 1793 pausa
325 1715 431 1775 refert:
455 1719 503 1773 ‘ut
525 1720 563 1782 te,
585 1711 744 1773 fortissime
763 1710 921 1779 Teucrum,

62 1795 175 1874 accipio
198 1797 406 1877 adgnoscoque
427 1797 538 1858 libens!
561 1804 593 1858 ut
611 1794 701 1856 rerba
720 1797 850 1873 parentis

64 1885 94 1939 et
114 1896 217 1941 rocem
238 1880 383 1944 Anchisae
405 1882 504 1960 magni
526 1880 696 1960 voltumque
715 1880 871 1941 recordor!

61 1978 130 2022 narn
151 1966 271 2026 memini
291 1966 435 2027 Hesionae
452 1967 596 2026 visentem
617 1982 709 2043 regna
726 1966 838 2026 sororis

62 2045 328 2111 Laomedontiaden
347 2049 508 2120 Priamum,
532 2049 679 2110 Salamina
700 2055 857 2128 petentem,

60 2132 196 2208 protinus
217 2133 359 2196 Arcadiae
381 2132 494 2212 gelidos
516 2135 643 2194 inrisere
661 2134 736 2193 finis.

60 2220 124 2276 tum
143 2216 215 2278 mihi
233 2219 329 2296 prima
352 2236 442 2297 genas
463 2217 587 2279 vestibat
608 2217 682 2278 ssore
703 2218 842 2286 iuventas,

60 2298 249 2381 mirabarque
271 2302 362 2364 duoes
383 2302 525 2373 Teucros,
548 2300 678 2362 mirabar
695 2308 725 2361 et
745 2301 841 2380 ipsum

62 2381 340 2456 Laomedontiaden,
361 2386 533 2447 sedeunctis
555 2385 641 2446 altior
662 2383 723 2445 ibat

60 2465 216 2530 Anchises:
239 2470 311 2531 nihi
332 2488 417 2532 mens
437 2468 564 2531 iurenah
586 2467 708 2530 ardebat
729 2484 830 2527 amore

61 2551 238 2630 compellare
260 2555 356 2616 virum
378 2563 407 2615 et
428 2554 549 2615 dextrae
572 2554 751 2629 coniungere
772 2551 915 2611 dextram.

60 2638 173 2698 acceui
194 2645 224 2699 et
246 2638 370 2719 cupidus
391 2637 503 2700 Phenei
523 2637 577 2699 suh
601 2636 717 2697 moenia
739 2634 817 2695 duxi.

59 2715 108 2781 ille
130 2721 201 2781 mihi
223 2724 369 2800 insignem
388 2721 559 2800 pharetram
583 2720 743 2799 Lyciasque
764 2717 882 2796 sagittas

60 2800 213 2867 discedens
234 2805 477 2886 chlamydemque
497 2823 570 2867 auro
592 2803 672 2866 dedit
690 2804 877 2864 intertextam

60 2884 202 2968 nonaque
223 2888 293 2952 bina
314 2907 398 2952 meus
420 2907 495 2969 quae
518 2906 598 2951 nunc
618 2887 708 2949 habet
728 2904 817 2948 aurea
837 2883 940 2947 Pallas.

59 2987 131 3048 ergo
153 2981 182 3033 et
199 2990 288 3054 quam
312 2973 409 3052 potitis
429 2974 528 3035 iuncta
551 2979 595 3034 est
617 2971 689 3033 mihi
710 2971 831 3033 loedere
849 2971 961 3040 dextra,

58 3060 89 3116 et
110 3053 159 3116 lux
182 3059 398 3138 cumprimum
418 3059 507 3119 terris
529 3076 561 3118 se
584 3056 711 3117 crastina
730 3056 843 3126 reddet,

59 3137 168 3200 auxilio
189 3138 282 3202 laetos
303 3141 446 3202 dimittam
467 3137 634 3220 opibusque
655 3139 771 3201 iurabo.

59 3223 172 3283 interea
195 3241 279 3286 sacra
300 3225 383 3295 haec,
404 3224 522 3302 quando
544 3223 603 3284 huc
623 3222 742 3284 verrutis
763 3221 858 3290 amici,

59 3323 166 3383 annua,
188 3325 263 3388 qtrae
279 3309 399 3371 dllierrs
421 3308 514 3379 nefas,
534 3304 682 3367 celebrate
703 3303 736 3364 la*
796 3321 833 3366 :es

58 3389 215 3454 nobiscum
236 3400 265 3455 et
285 3395 343 3454 iam
364 3409 445 3454 nunc
465 3391 614 3454 sociorum
637 3388 732 3450 adsue

101 3474 180 3536 llaec
199 3475 251 3538 uhi
274 3476 359 3546 dicta,
380 3476 471 3556 dapes
492 3475 521 3536 iu
544 3481 574 3535 et
592 3479 623 3534 et
641 3471 684 3534 sul
744 3495 788 3533 ar
