2400 3878
421 222 564 271 vunurnl
586 223 713 272 Anulus
728 223 741 270 1

68 400 123 443 nec
145 380 241 442 minus
262 382 373 442 interea
395 380 480 440 sociis
502 379 538 440 ad
561 378 645 439 litora
664 378 750 439 mittit

68 466 166 543 viginti
184 472 298 535 tauros,
326 481 501 542 magnorum
524 463 674 524 horrentia
697 469 815 525 centum

67 558 149 625 terga
167 566 268 619 suum,
291 549 407 627 pinguis
427 555 545 608 centum
567 565 634 608 cum
657 546 800 607 matribus
820 563 927 624 agnos,
1031 557 1081 613 6続5

67 650 190 692 munera
212 631 406 711 laetitiamque
429 631 477 692 dii.

67 725 96 775 at
118 715 222 777 donrus
243 717 363 777 interior
385 714 477 792 regali
498 714 648 792 splendida
670 714 742 775 luxu

66 800 235 869 instruitur,
258 800 420 878 mediisque
439 806 544 877 parant
566 798 694 859 convivia
713 800 811 860 tectis:

66 892 128 943 arte
149 881 297 944 laboratae
319 892 413 945 vestes
436 890 575 961 ostroque
599 881 742 960 superbo,

66 970 169 1043 ingens
190 975 344 1046 argentum
369 967 494 1036 mensis,
513 966 681 1044 caelataque
702 968 732 1027 in
750 985 823 1028 auro

65 1050 150 1111 fortia
174 1052 248 1112 lacta
271 1059 403 1130 patrum,
426 1053 517 1112 series
539 1050 707 1128 longissima
730 1068 832 1112 rerum

65 1152 118 1212 per
141 1142 183 1194 tot
205 1135 291 1196 ducta
314 1137 391 1196 viros
412 1136 530 1213 antiqua
550 1134 586 1195 ab
606 1136 719 1213 origine
741 1136 844 1212 gentis.

106 1220 219 1279 Aeneas
241 1221 348 1298 (nequo
370 1221 447 1280 enim
469 1221 582 1297 patrius
603 1220 764 1280 consistere
785 1226 914 1282 mentem

64 1319 167 1379 passus
191 1304 283 1383 amor)
307 1304 443 1380 rapidum
466 1304 500 1364 ad
524 1304 604 1365 navis
625 1304 784 1381 praemittit
805 1304 949 1374 Achaten,

63 1386 187 1445 Ascanio
208 1386 282 1446 ierat
304 1388 392 1457 haec,
413 1389 568 1466 ipsumque
589 1387 626 1448 ad
646 1388 761 1448 moenia
785 1387 887 1456 ducat余

64 1470 158 1529 omnis
180 1471 210 1530 iu
232 1469 356 1530 Ascanio
377 1472 438 1531 cari
459 1478 514 1531 stat
534 1489 604 1531 cura
625 1472 764 1547 parentis.

64 1571 187 1614 munera
209 1562 361 1630 praeterea
383 1553 477 1614 Iliacis
495 1560 595 1632 erepta
618 1555 710 1613 ruinis

64 1639 141 1698 ferre
158 1637 255 1706 iubet,
274 1637 380 1715 pallam
404 1639 493 1716 signis
515 1656 646 1715 auroque
667 1637 810 1714 rigentem

64 1730 92 1782 et
114 1723 339 1783 circumtextum
363 1740 468 1782 croceo
491 1721 623 1782 velamen
646 1720 788 1799 acantho,

63 1813 184 1867 ornatus
206 1808 328 1884 Argivae
351 1805 494 1876 Helenae,
519 1823 593 1885 quos
611 1805 658 1866 illa
680 1805 824 1883 Mycenis,

62 1889 205 1966 Pergama
227 1908 294 1950 cum
314 1898 430 1968 peteret
451 1891 698 1969 inconcessosque
721 1889 913 1968 hymenaeos,

62 1972 220 2043 extulerat,
243 1976 344 2034 matris
363 1974 460 2035 Ledae
480 1973 613 2036 mirabile
635 1975 759 2041 donum余

61 2065 213 2135 praeterea
236 2067 402 2135 sceptrum,
424 2057 515 2119 llione
534 2059 613 2137 quod
635 2066 766 2136 gesserat
789 2056 872 2127 olim,

60 2143 186 2202 maxima
209 2151 344 2203 natarum
363 2143 486 2212 Priami,
511 2141 645 2221 colloque
667 2141 774 2203 monile

60 2224 196 2286 bacatum
219 2234 247 2286 et
267 2227 413 2305 duplicem
437 2229 560 2305 gemmis
580 2245 712 2305 auroque
735 2242 886 2286 coronam.

61 2326 133 2369 naec
151 2309 284 2370 celerans
307 2313 362 2371 iter
385 2311 420 2371 ad
441 2313 522 2371 navis
539 2311 678 2372 tendebat
698 2311 832 2371 Achates.

102 2393 138 2452 At
155 2393 297 2471 Cytherea
315 2411 405 2454 novas
425 2403 516 2463 artes,
540 2413 614 2454 nova
636 2403 756 2473 pectore
777 2400 873 2454 versat

60 2475 195 2543 consilia,
220 2483 252 2536 ut
275 2477 380 2536 laoiem
400 2485 529 2537 mutatus
552 2485 581 2538 et
603 2497 654 2537 ora
678 2477 790 2553 Cupido

60 2576 114 2636 pro
137 2557 215 2618 dulci
236 2560 359 2618 Ascanio
381 2560 489 2628 veniat,
514 2558 655 2636 donisque
677 2560 821 2619 iurantem

59 2642 198 2703 incendat
217 2644 350 2719 reginam
374 2650 461 2720 atque
483 2641 598 2703 ossibus
620 2642 748 2720 implicet
769 2643 876 2719 ignem.

60 2728 169 2804 quippe
191 2725 310 2786 domum
332 2728 414 2786 timet
437 2725 603 2803 ambiguam
622 2726 784 2805 Tyriosque
806 2724 956 2804 bilinguis余

59 2811 118 2869 urit
141 2816 222 2870 atrox
246 2810 333 2880 luno,
357 2817 386 2870 et
405 2810 460 2871 suh
481 2818 598 2871 noctem
619 2828 689 2871 cura
712 2817 854 2872 recursat.

59 2910 130 2969 ergo
155 2893 200 2954 his
221 2894 363 2972 aligerum
386 2895 470 2955 dictis
490 2895 605 2955 adlatur
625 2896 782 2955 Amorem:

63 2984 158 3048 mate,
177 2997 260 3040 meae
283 2980 374 3057 vires,
398 2997 463 3040 mea
482 2997 586 3057 magna
609 2980 738 3057 potentia
760 2977 856 3048 solus,

58 3069 142 3131 nate,
164 3065 254 3138 patris
276 3066 382 3124 summi
403 3066 452 3142 qui
474 3062 530 3124 tela
552 3064 691 3143 Typhoea
713 3065 833 3132 temnis,

59 3144 94 3204 ad
116 3153 146 3205 te
170 3148 305 3224 coniugio
330 3157 358 3208 et
378 3147 502 3225 supplex
523 3156 574 3208 tua
595 3150 716 3209 numina
737 3165 835 3225 posco,

59 3229 150 3288 irater
172 3238 205 3290 ut
225 3230 336 3294 Aeneas
355 3231 459 3309 pelago
482 3240 549 3292 tuus
572 3235 668 3292 omnia
689 3233 800 3291 circum

59 3311 144 3371 litora
165 3315 288 3375 iactetur
311 3316 383 3376 odiis
405 3317 524 3376 lunonis
546 3316 680 3384 acerbae,

58 3402 127 3456 nota
150 3397 218 3467 tihi,
245 3407 274 3458 et
294 3409 395 3460 nostro
418 3399 533 3460 doluisti
555 3417 643 3478 saepe
663 3397 773 3458 dolore.

58 3497 137 3541 nunc
159 3481 317 3543 Phoenissa
336 3491 416 3544 tenet
437 3483 510 3544 Dido
533 3482 706 3563 blandisque
726 3490 856 3544 moratur
