2400 3878
366 212 510 261 vastum
530 211 731 261 ososorcou
754 212 794 259 111
1042 201 1082 262 67

78 389 133 431 nec
155 371 198 429 via
220 370 322 429 mortis
343 374 406 429 erat
426 365 563 444 simplex,
586 363 638 427 sed
651 365 701 427 ubi
722 368 806 444 ignea
828 366 907 426 venis

78 454 213 513 omnibus
234 460 298 512 acta
319 452 381 511 sitis
402 451 525 512 mismos
546 449 709 511 adduxerat
729 457 819 520 artus,

77 554 181 597 rursus
202 534 368 596 abundabat
388 533 512 595 liuvidus
533 533 629 611 bquor
651 533 805 612 omniaque
827 533 856 593 in
878 550 910 594 se

78 638 144 680 ossa
165 621 327 679 minutatim
349 617 454 677 morbo
476 617 614 694 conlapsa
634 615 777 678 trahebat

77 720 165 781 saepe
185 704 215 763 in
237 702 350 762 honore
371 701 460 762 deum
480 700 576 761 medio
597 708 678 761 stans
698 701 792 760 hostia
813 700 850 762 ad
872 717 961 766 aram.

77 786 162 848 lanea
183 786 252 847 dum
274 786 357 846 nivea
377 785 576 846 circumdatur
596 783 687 846 infula
708 784 785 853 vitta,

78 873 152 931 inter
175 870 336 931 cunctantis
358 869 462 929 cecidit
482 867 656 929 moribunda
677 869 834 929 ministros.

78 961 127 1015 aut
148 955 261 1032 siquam
282 953 362 1013 ferro
384 958 562 1013 mactaverat
582 959 650 1013 ante
670 951 818 1020 sacerdos,

76 1038 145 1099 inde
166 1055 262 1115 neque
282 1037 424 1114 impositis
446 1036 550 1096 ardent
570 1035 670 1096 altaria
692 1035 783 1104 fibris,

77 1140 132 1183 nec
153 1126 411 1198 responsapotest
433 1118 581 1180 consultus
602 1119 728 1180 reddere
749 1125 837 1187 vates,

77 1224 112 1265 ac
133 1206 179 1264 vix
202 1204 343 1282 suppositi
364 1205 517 1281 tinguntur
539 1204 681 1280 sanguine
703 1201 789 1262 cultri

77 1305 248 1364 summaque
269 1288 365 1347 ieiuna
387 1289 467 1348 sanie
488 1288 650 1347 infuscatur
671 1287 791 1346 harena.

78 1372 145 1432 binc
167 1369 249 1429 laetis
271 1369 351 1429 vituli
373 1368 456 1446 volgo
478 1371 643 1430 moriuntur
663 1371 694 1429 in
714 1369 824 1438 herbis,

79 1461 106 1515 et
128 1452 222 1513 dulcis
243 1453 354 1511 anImas
375 1451 460 1528 plena
483 1453 520 1512 ad
541 1454 694 1529 praesepia
715 1452 857 1519 reddunt;

77 1538 146 1597 binc
168 1535 289 1595 canibus
310 1534 425 1595 blandis
446 1534 545 1594 rabies
566 1536 659 1603 venit,
682 1540 711 1594 et
732 1535 825 1612 quatit
844 1550 949 1610 aegros

76 1621 165 1682 tussis
186 1618 289 1679 anbela
312 1635 379 1678 sues
401 1636 436 1679 ac
457 1617 590 1677 faucibus
612 1617 691 1694 angit
712 1617 817 1678 obesis.

35 1701 41 1711 '
77 1702 185 1765 labitur
207 1701 305 1762 infelix
327 1702 490 1763 studiorum
512 1708 598 1778 atque
620 1702 774 1761 immemor
796 1699 906 1761 herbae

78 1788 169 1847 victor
191 1804 282 1863 equos
304 1786 449 1862 fontisque
470 1785 610 1845 avertitur
632 1791 660 1844 et
681 1785 757 1862 pede
777 1791 887 1845 terram

79 1870 182 1931 crebra
205 1870 286 1936 lerit;
310 1869 453 1929 demissae
474 1886 575 1938 aures,
597 1870 727 1929 incertus
748 1867 856 1928 ibidem

78 1955 167 2013 sudor
190 1959 218 2012 et
238 1951 286 2012 ibe
308 1952 425 2030 quidem
447 1953 596 2012 morituris
617 1951 755 2029 frigidus,
778 1958 840 2011 aret

77 2036 163 2114 pellis
185 2036 271 2095 etad
293 2042 403 2095 tactum
426 2037 560 2095 tractanti
582 2036 655 2096 dura
677 2034 795 2095 resistit.

77 2119 150 2180 baec
171 2127 237 2179 ante
260 2119 378 2179 exitium
400 2119 503 2196 primis
524 2119 594 2179 dant
616 2119 697 2196 signa
719 2117 837 2186 diebus;

77 2205 122 2264 sin
144 2204 174 2262 in
195 2220 336 2279 processu
359 2203 455 2280 coepit
476 2202 649 2263 cmdescere
672 2201 803 2270 morbus,

76 2295 139 2346 tum
162 2304 230 2345 vero
253 2286 389 2347 ardentes
411 2286 487 2347 oculi
509 2293 596 2364 atque
617 2292 757 2346 attractus
779 2284 815 2344 ab
837 2284 895 2344 alto

77 2369 211 2446 spiritus,
234 2369 380 2429 interdum
402 2370 511 2447 gemitu
533 2369 643 2447 gravis,
665 2371 781 2445 imaque
802 2367 890 2445 longo

76 2451 124 2512 ilia
145 2451 272 2528 singultu
293 2454 431 2520 tendunt,
454 2453 477 2511 it
498 2452 617 2511 naribus
638 2459 700 2512 ater

77 2535 210 2610 sanguis,
234 2540 262 2593 et
284 2534 419 2594 obsessas
441 2535 541 2593 lauces
561 2535 668 2609 premit
689 2550 792 2608 aspera
814 2532 920 2608 lingua.

77 2617 188 2695 proluit
209 2618 319 2676 inserto
341 2615 441 2678 latices
461 2616 617 2675 infundere
639 2633 731 2675 cornu

78 2701 224 2768 Lenaeos;
249 2718 283 2759 ea
304 2700 365 2759 visa
387 2698 465 2758 salus
486 2698 678 2758 morientibus
700 2716 772 2764 una;

77 2801 146 2843 mox
168 2789 232 2843 erat
253 2783 310 2843 boc
331 2783 427 2861 ipsum
449 2783 551 2851 exitio,
573 2782 714 2860 furiisque
735 2781 837 2841 relecti

77 2866 234 2936 ardebant,
257 2867 370 2945 ipsique
390 2884 460 2926 suos
481 2869 538 2926 iam
559 2872 655 2925 morte
675 2865 730 2926 sub
752 2882 839 2943 aegra

79 2950 117 3027 (di
138 2949 258 3010 mebora
280 2951 335 3027 piis
358 2968 548 3028 erroremque
569 2949 702 3011 hostibus
722 2949 827 3028 illumi)

78 3033 214 3093 discissos
235 3035 322 3094 nudis
342 3033 490 3094 laniabant
511 3033 645 3094 dentibus
667 3042 757 3095 artus.

78 3135 146 3176 ecce
168 3124 265 3176 autem
288 3118 362 3177 duro
385 3118 500 3177 sumans
521 3117 575 3176 sub
599 3136 716 3178 vomere
738 3125 839 3178 taurus

78 3198 203 3259 concidit
225 3208 255 3259 et
275 3202 396 3261 mixtum
419 3201 529 3277 spumis
550 3201 639 3259 vomit
660 3219 712 3261 ore
734 3218 870 3262 cruorem

78 3289 283 3360 extremosque
306 3285 362 3343 ciet
383 3285 515 3361 gemitus
560 3285 582 3342 it
603 3284 693 3343 tristis
715 3293 812 3343 arator

78 3371 256 3426 maerentem
279 3366 439 3445 abiungens
461 3368 589 3427 fraterna
610 3374 705 3427 morte
726 3368 889 3435 iuvencum,

78 3455 165 3525 atque
187 3465 276 3524 opere
297 3449 328 3508 in
349 3451 446 3511 medio
468 3450 561 3511 delixa
582 3449 721 3526 relinquit
742 3457 846 3510 aratra.

836 3548 885 3608 5*
