2400 3878
150 211 192 271 oo
442 220 583 266 vnnomr
605 217 804 267 eucnemon
825 219 852 264 11

150 377 207 434 iam
229 385 291 434 tum
314 392 381 434 acer
403 391 488 433 curas
509 375 671 432 venientem
694 372 821 432 extendit
842 373 871 431 iu
893 389 1000 430 annum
1103 382 1160 436 405

148 458 292 525 rusticus,
316 467 345 516 et
366 475 455 516 curvo
478 456 595 515 Saturni
617 456 705 514 dente
726 454 857 515 relictam

150 541 333 616 persequitur
355 541 441 599 vitem
463 539 616 598 attondens
638 539 778 615 fingitque
799 537 936 616 putando.

148 623 259 700 primus
280 622 401 681 humum
424 621 528 690 fodito,
551 621 662 699 primus
684 621 801 680 devecta
824 626 950 679 cremato

148 714 309 773 sarmenta,
333 713 360 765 et
381 703 471 764 vallos
493 706 604 781 primus
625 703 679 762 sub
702 711 777 763 tecta
798 703 921 769 referto;

150 794 313 865 postremus
334 790 443 850 metito.
494 787 538 847 bis
559 786 664 847 vitibus
685 787 794 862 ingruit
815 785 927 854 umbra,
1104 794 1161 849 410

148 871 193 930 bis
215 882 343 949 segetem
365 871 462 930 densis
484 870 633 930 obducunt
654 868 784 930 sentibus
806 868 928 933 herbae:

148 954 239 1014 durus
260 964 383 1031 uterque
404 953 502 1014 labor:
524 953 640 1014 laudato
661 953 787 1028 ingentia
808 969 887 1019 rura,

148 1038 283 1112 exiguum
305 1036 401 1096 colito.
438 1055 573 1097 necnon
595 1037 680 1096 etiam
702 1053 803 1113 aspera
826 1036 904 1094 rusci

148 1121 252 1179 vimina
273 1139 326 1198 per
348 1120 447 1179 silvam
470 1127 499 1180 et
519 1121 590 1197 ripis
611 1118 733 1180 liuviahs
754 1118 887 1177 harundo

147 1202 292 1271 caeditm,
315 1202 473 1281 incultique
495 1212 611 1262 exercet
632 1220 702 1261 cura
724 1201 823 1261 salicti.
1103 1209 1159 1264 415

147 1287 203 1346 iam
226 1288 338 1346 vinctae
361 1289 444 1354 vites,
467 1289 524 1345 iam
547 1285 651 1344 falcem
673 1284 791 1344 arbusta
812 1291 968 1361 reponunt,

147 1369 203 1428 iam
225 1370 302 1429 canit
324 1370 442 1429 effectos
464 1377 610 1429 extremus
631 1368 736 1426 vinitor
758 1374 853 1427 autes:

147 1451 324 1512 sollicitanda
346 1459 443 1512 tamma
464 1451 548 1513 tellus
569 1450 720 1529 pulvisque
742 1451 910 1519 movendus,

146 1541 175 1594 ot
195 1536 252 1594 iam
273 1537 394 1596 maturis
415 1536 588 1596 metuendus
610 1534 737 1611 luppiter
759 1535 830 1594 uvis.

189 1617 296 1677 Contra
318 1637 377 1677 non
399 1619 484 1679 ullast
505 1617 576 1677 oleis
598 1617 727 1677 cultura:
750 1634 845 1694 neque
866 1615 930 1676 illae
1102 1626 1160 1680 4²0

145 1717 319 1776 procurvam
342 1708 494 1776 expectant
515 1700 617 1760 falcem
639 1708 808 1777 rastrosque
829 1699 947 1767 tenacis,

147 1799 214 1842 cum
236 1782 326 1842 semel
348 1783 505 1843 haeserunt
526 1784 601 1841 arvis
623 1800 767 1860 aurasque
788 1780 932 1848 tulerunt;

145 1881 207 1941 ipsa
229 1866 297 1924 satis
317 1863 418 1935 tellus,
442 1884 507 1925 cum
530 1864 615 1925 dente
636 1865 795 1924 recluditur
816 1883 902 1933 unco,

145 1947 251 2007 sufficit
272 1966 404 2007 umorem
427 1959 456 2008 et
477 1947 624 2025 gravidas,
648 1966 714 2007 cum
737 1966 870 2017 vomere,
894 1948 1001 2024 fruges.

146 2030 203 2089 hoc
224 2032 362 2107 pinguem
385 2039 413 2090 et
434 2029 567 2109 placitant
590 2032 658 2091 Paci
680 2033 804 2091 nutritor
826 2029 937 2093 olivam.
1100 2040 1157 2096 426

186 2114 275 2173 Poma
298 2132 429 2192 quoque,
452 2121 484 2175 ut
504 2116 631 2192 primum
653 2121 772 2175 truncos
794 2131 912 2174 sensere
936 2113 1055 2174 valentis

146 2206 174 2257 et
195 2197 263 2256 viris
284 2196 414 2257 habuere
437 2215 516 2266 suas,
548 2197 697 2258 adsidere
719 2200 825 2274 rapthn

146 2279 173 2339 vi
194 2280 313 2357 propria
335 2281 465 2340 nituntur
487 2281 608 2358 opisque
629 2280 700 2340 haut
720 2281 816 2358 indiga
839 2288 964 2340 nostrae.

144 2380 200 2422 nec
221 2364 317 2423 minus
337 2365 448 2424 interea
469 2363 530 2424 fotu
551 2381 654 2424 nemus
676 2382 762 2425 omne
784 2365 934 2442 gravescit,

144 2447 366 2524 sanguineisque
388 2445 495 2507 inculta
517 2446 624 2508 rubent
645 2448 750 2507 aviaria
771 2447 861 2507 bacis.
1100 2455 1157 2513 4³⁰

144 2529 301 2590 tondentur
324 2532 420 2609 cytisi,
442 2530 542 2591 medas
563 2529 633 2590 silva
655 2530 711 2590 alta
733 2532 883 2599 ministrat,

143 2621 360 2691 pascunturque
382 2615 463 2692 ignes
485 2616 622 2674 nocturni
644 2621 672 2674 et
692 2612 800 2674 lumina
823 2613 956 2674 fundunt.

144 2697 212 2773 quid
235 2697 344 2756 maiora
366 2699 492 2774 sequar?
514 2697 615 2757 salices
637 2697 818 2774 humilesque
840 2697 967 2773 genistae

143 2786 193 2838 aut
214 2777 279 2837 illae
301 2782 400 2855 pecori
423 2779 556 2839 frondem
577 2786 628 2838 aut
648 2780 812 2856 pastoribus
834 2778 966 2839 umbram
1097 2787 1156 2845 48⁶

143 2861 290 2920 sufiiciunt
312 2878 486 2938 saepemque
508 2863 576 2921 satis
598 2869 626 2920 et
646 2861 752 2937 pabula
774 2860 860 2920 melli.

144 2949 172 3002 et
192 2944 271 3002 iuvat
292 2943 449 3003 undantem
470 2942 548 3002 buxo
569 2951 702 3019 spectare
724 2944 860 3022 Cytorum

144 3024 341 3103 Naryciaeque
363 3026 434 3102 picis
455 3024 552 3095 lucos,
575 3026 652 3085 iuvat
673 3044 741 3086 arva
763 3026 861 3085 videre

144 3125 203 3166 non
224 3109 338 3177 rastris,
362 3108 512 3167 homiumn
533 3126 593 3167 non
614 3109 664 3167 ulli
687 3107 810 3168 obnoxia
833 3126 929 3168 curae.

144 3191 223 3267 ipsae
245 3191 390 3251 Caucason
411 3190 523 3250 steriles
544 3193 574 3250 in
595 3192 702 3251 vertice
724 3189 820 3259 silvae,
1096 3203 1155 3260 uo

144 3290 215 3350 quas
237 3274 358 3334 animosi
380 3276 442 3336 euri
464 3274 582 3334 adsiduo
604 3273 799 3350 franguntque
820 3273 985 3351 feruntque,

143 3450 170 3495 te
190 3440 313 3497 dubitant
334 3443 456 3500 homines
477 3460 567 3498 serere
589 3451 668 3516 atque
691 3444 835 3516 inpendere
857 3444 966 3501 curam?
1095 3453 1154 3512 433
