2400 3878
349 227 492 275 venenu
513 225 715 282 eucnemon
737 227 792 275 1111

1033 216 1074 277 79

64 382 108 442 ier
131 380 253 441 stabulis
273 381 423 441 inimicum
444 381 542 457 ignem
563 387 651 456 atqie
672 381 803 442 interfice
824 383 936 451 messis,
1023 393 1075 447 ³30

63 481 117 524 ure
140 471 216 534 sata,
239 470 269 524 et
290 465 394 525 duram
415 465 445 523 in
467 464 531 524 ritis
552 463 656 524 molire
677 463 849 541 bipennem,

64 553 142 607 tanta
164 565 247 608 meae
267 550 291 608 si
313 554 342 608 te
364 554 507 624 ceperunt
528 548 622 608 taedia
643 545 762 607 laudis.'

62 636 92 690 at
113 637 208 691 mater
229 632 357 691 sonitum
378 629 505 690 thalamo
527 631 582 691 suh
605 629 733 690 huminis
753 630 802 692 alti

62 715 160 773 sensit.
206 733 270 775 eam
293 715 404 774 circum
425 713 534 774 Milesia
555 713 664 775 vellera
685 715 829 793 nymphae

62 795 224 873 carpebant
244 796 321 876 hyali
343 804 442 858 saturo
465 798 562 858 lucata
585 798 692 866 colore,

61 880 231 958 Drymoque
253 880 428 959 Xanthoque
449 880 596 960 Ligeaque
617 881 859 960 Phyllodoceque,

63 965 221 1023 caesariem
243 965 353 1025 effusae
373 964 494 1025 nitidam
515 982 570 1042 per
592 965 714 1026 candida
737 964 819 1034 colla,

62 1046 249 1126 Cydippeque
272 1054 300 1107 et
322 1046 395 1107 ssave
417 1049 569 1126 Lycorias,
591 1048 683 1110 altera
704 1051 795 1128 virgo,

62 1128 151 1190 altera
174 1138 237 1191 tum
258 1132 369 1208 primos
390 1132 518 1193 Lucinae
540 1140 659 1210 experta
680 1132 806 1201 labores,

61 1212 181 1292 Clioque
203 1221 232 1275 et
254 1213 350 1275 Beroe
371 1233 471 1284 soror,
495 1214 679 1277 Oceanitides
699 1215 820 1286 ambae,

61 1296 165 1356 ambae
188 1316 276 1367 auro,
300 1299 384 1377 pictis
405 1301 549 1359 incinctae
570 1299 695 1376 pellibus
717 1299 829 1371 amhae,

61 1387 148 1457 atque
170 1381 288 1460 Ephyre
311 1388 397 1459 atque
421 1381 491 1460 Opis
513 1389 542 1442 et
563 1384 629 1443 Asia
650 1383 777 1460 Deiopea

61 1470 90 1522 et
112 1464 229 1524 tandem
252 1465 354 1540 positis
376 1464 459 1525 velox
480 1464 626 1524 Arethusa
648 1467 768 1543 sagittis.

62 1547 136 1607 inter
160 1564 233 1624 quas
256 1564 357 1606 curam
379 1547 517 1625 Clymene
538 1547 678 1609 narrabat
698 1550 815 1608 inanem

63 1628 194 1697 Volcani,
218 1629 376 1708 Martisque
398 1628 482 1690 dolos
504 1637 533 1690 et
554 1628 649 1691 dulcia
671 1631 758 1699 lurta,

63 1730 136 1790 aque
159 1712 238 1772 Chao
261 1713 369 1772 densos
391 1713 488 1773 divom
510 1714 684 1774 numerabat
705 1732 830 1774 amores.

64 1798 193 1856 carmine
216 1814 275 1875 quo
299 1803 400 1874 captae
423 1797 493 1858 dum
514 1797 588 1858 susis
608 1796 705 1857 mollia
727 1815 817 1875 pensa

62 1877 230 1949 devolvent,
253 1881 361 1940 iterum
383 1888 532 1941 maternas
553 1881 668 1958 impulit
688 1881 767 1942 auris

62 1959 157 2023 luctus
178 1963 318 2033 Aristaei,
342 1965 498 2042 vitreisque
520 1963 659 2025 sedilibus
682 1981 784 2025 omnes

62 2048 246 2123 opstipuere;
290 2047 341 2107 sed
363 2054 431 2108 aute
453 2045 523 2108 alias
543 2047 688 2108 Arethusa
710 2065 828 2109 sorores

61 2131 243 2207 prospiciens
266 2147 379 2192 sunima
401 2131 507 2191 ssavom
529 2138 616 2209 caput
638 2130 738 2191 extuht
760 2131 852 2199 unda,

62 2221 90 2273 et
112 2213 229 2290 procul:
275 2223 309 2275 ‘o
331 2216 440 2292 gemitu
462 2232 522 2274 non
543 2216 652 2275 frustra
674 2216 812 2276 exterrita
834 2222 928 2284 tanto,

62 2295 174 2374 Cyrene
197 2315 296 2369 soror,
319 2299 381 2376 ipse
403 2297 472 2368 tihi,
495 2306 543 2358 tua
564 2299 690 2359 maxima
712 2316 797 2367 cura,

62 2380 153 2440 tristis
174 2381 323 2442 Aristaeus
345 2383 435 2442 Penei
457 2383 597 2457 genitoris
619 2383 655 2442 ad
677 2381 785 2441 undam

62 2469 119 2522 stat
140 2462 310 2533 lacrimans,
334 2471 363 2524 et
384 2471 412 2525 te
435 2463 585 2524 crudelem
606 2466 724 2523 nomine
746 2463 834 2523 dicit!

62 2545 132 2606 huic
153 2562 294 2621 percussa
315 2563 389 2606 nova
412 2554 539 2607 mentem
561 2545 715 2605 tormidine
737 2550 830 2605 mater

63 2628 153 2697 ‘duc,
176 2646 244 2706 age,
268 2628 325 2688 duc
347 2629 384 2687 ad
405 2645 475 2696 nos;
519 2628 564 2686 sas
585 2627 626 2687 illi
647 2627 745 2687 limina
767 2627 861 2687 divom

64 2708 199 2787 tangere'
222 2711 270 2771 ait.
314 2710 399 2771 simul
422 2710 479 2770 alta
500 2710 581 2771 iubet
603 2710 753 2771 discedere
774 2711 831 2770 late

65 2795 199 2863 llumina,
224 2812 281 2873 qua
302 2795 413 2855 iuvenis
434 2811 554 2871 gressus
574 2793 706 2854 mlerret.
751 2792 881 2854 atilium

65 2885 183 2939 curvata
205 2879 236 2938 in
258 2880 364 2940 montis
386 2879 490 2939 faciem
513 2879 704 2939 circumstetit
724 2877 802 2938 unda

65 2962 235 3041 accepitque
257 2963 322 3022 sinu
344 2970 424 3023 vasto
446 2962 582 3039 misitque
603 2960 658 3023 suh
681 2979 806 3021 emnem.

65 3046 180 3124 iamque
201 3045 321 3106 domum
343 3048 452 3107 mirans
474 3046 630 3122 genetricis
652 3051 681 3104 et
701 3046 798 3105 umida
820 3062 910 3122 regna

65 3128 270 3207 speluncisque
292 3128 373 3191 lacus
396 3131 510 3190 clausos
531 3128 672 3206 lucosque
694 3130 824 3188 sonantis

66 3210 140 3281 ibat,
164 3218 194 3272 et
213 3213 324 3290 ingenti
344 3220 426 3273 motu
448 3211 628 3289 stupetactus
650 3228 791 3289 aquarum

67 3296 163 3354 omnia
186 3294 240 3354 snb
262 3314 368 3373 magna
388 3297 514 3357 labentia
536 3295 656 3355 [lumina
678 3303 757 3354 terra

67 3463 168 3521 Nesaee
190 3465 310 3540 Spioque
331 3465 477 3540 Thaliaque
499 3465 702 3540 Cymodoceque
