2400 3878
162 193 223 258 350
486 204 626 254 vneomx
645 204 768 253 annum
784 206 835 253 xu

163 362 298 440 ingentis,
321 360 433 438 genitos
455 359 577 420 diversis
597 357 728 438 partibus
749 357 837 427 orbis,

163 446 238 505 inter
256 462 288 505 se
309 444 413 504 coiisse
434 443 511 502 viros
532 448 561 502 et
579 459 700 502 cernere
717 441 806 502 lerro.

163 535 249 606 atque
270 526 319 597 illi,
341 535 373 587 ut
394 544 484 587 vacuo
504 532 660 603 patuerunt
682 541 810 603 aequore
832 526 936 604 campi.
1112 533 1167 588 tid

161 627 307 690 procursu
328 609 440 686 rapido,
464 610 602 669 coniectis
624 609 736 668 eminus
758 607 857 675 hastis,

161 693 304 754 invadunt
325 692 447 753 blartem
469 690 569 769 clipeis
588 697 674 770 atque
695 708 764 752 aere
784 707 901 752 sonoro.

162 776 212 837 dat
232 776 371 854 gemitum
395 773 494 843 tellus:
517 783 579 835 tum
601 774 721 835 crebros
742 773 861 834 ensibus
878 774 953 834 ictus

162 859 381 934 congeminant:
403 858 465 918 iors
484 865 512 919 et
530 859 621 918 virtus
641 857 799 919 miscentur
820 858 850 917 in
871 873 971 917 unum.

162 960 197 1002 ao
216 940 294 1003 velut
313 941 422 1018 ingenti
444 939 503 1002 Sila
523 958 671 1001 summere
692 939 830 1001 Taburno
1111 949 1167 1002 tlt

162 1042 228 1085 eum
247 1023 304 1084 duo
327 1025 473 1084 conversis
494 1024 611 1084 inimica
631 1024 661 1082 in
684 1022 795 1101 proebe
815 1024 890 1083 tauri

162 1105 307 1167 frontibus
328 1106 481 1167 incurrunt
503 1106 609 1185 (parmi
629 1123 745 1167 cessere
767 1106 906 1182 magistri.

161 1196 217 1249 stat
237 1207 329 1268 pecus
352 1206 438 1249 omne
459 1196 539 1250 metu
559 1195 672 1251 mutum
693 1196 880 1266 mussantque
901 1189 1048 1259 iuvencae,

162 1274 227 1350 quis
248 1273 362 1333 nemori
383 1272 538 1351 imperitet,
561 1290 649 1351 quem
670 1278 730 1332 tota
750 1279 881 1333 umente
901 1273 1085 1352 sequantur);

162 1354 202 1419 illi
223 1357 300 1416 inter
323 1373 387 1417 sese
407 1355 497 1416 multa
519 1356 547 1415 ri
566 1354 685 1416 volnera
706 1356 829 1416 miscent
1112 1364 1166 1416 777

164 1455 331 1517 cornuaque
351 1438 451 1500 obnixi
470 1439 595 1516 lnflgunt
614 1446 643 1500 et
659 1440 800 1516 sanguine
820 1437 901 1516 largo

162 1520 235 1583 oolla
257 1540 412 1602 armosque
427 1509 542 1591 lavant;
565 1524 673 1600 gemitu
693 1539 797 1583 nemus
818 1538 904 1583 omne
922 1519 1063 1598 remugit:

163 1622 220 1666 non
242 1605 326 1666 aliter
347 1606 422 1666 Tros
442 1606 553 1667 Aeneas
576 1614 605 1666 et
623 1605 751 1666 Daunius
772 1603 859 1665 beros

162 1695 342 1749 concurrunt
360 1687 474 1767 clipeis:
494 1690 597 1765 ingens
620 1688 719 1764 lragor
738 1689 855 1749 aethera
874 1685 1009 1764 complet.

163 1771 291 1848 luppiter
312 1773 374 1847 ipse
396 1771 467 1832 duas
486 1778 609 1848 aequato
632 1772 763 1832 examine
781 1771 877 1832 lances
1112 1779 1166 1831 tat

162 1855 283 1913 sustinet
305 1859 334 1913 et
352 1854 409 1913 iata
431 1856 544 1931 inponit
564 1854 676 1914 diversa
699 1853 833 1922 duorum,

162 1954 248 2013 quem
268 1935 385 1996 damnet
404 1935 487 1996 labor
509 1943 612 2014 atquo
633 1944 733 2014 vergat
752 1936 883 2012 pondere
899 1935 999 1997 letum.

163 2018 265 2079 emicat
287 2018 343 2087 bio,
365 2020 474 2096 inpune
495 2025 610 2098 putans,
633 2025 662 2078 et
683 2036 807 2096 corpore
828 2026 888 2079 toto

161 2100 217 2161 alte
239 2099 384 2161 sublatum
407 2102 555 2179 consurgit
575 2101 692 2162 Turnus
713 2103 862 2163 inensem

162 2192 190 2245 et
211 2185 292 2244 ferit:
315 2176 477 2245 exclamant
497 2183 590 2245 Troes
611 2185 775 2264 trepidique
796 2186 899 2255 Latini,
1113 2194 1166 2247 770

162 2274 349 2344 arrectaeque
371 2267 523 2329 amborum
541 2268 628 2330 acies.
662 2276 690 2329 at
709 2268 839 2348 pertidus
860 2268 936 2328 ensis

161 2352 304 2428 frangitur
326 2352 356 2411 in
378 2351 532 2430 medioque
554 2351 704 2413 ardentem
724 2351 832 2425 deserit
847 2353 907 2413 ictu
920 2395 926 2409 .
940 2397 947 2410 .
961 2395 990 2411 ..

162 2436 192 2494 ni
213 2435 281 2511 luga
302 2434 431 2496 subsidio
449 2435 558 2497 subeat.
590 2435 663 2514 fugit
685 2435 765 2497 ocior
787 2453 868 2504 euro,

162 2526 200 2590 ut¹
216 2517 351 2596 capulum
369 2520 504 2595 'ignotum
527 2520 716 2598 dextramque
737 2519 849 2597 aspexit
866 2519 1017 2578 inermem.

161 2601 237 2661 lama
261 2610 304 2662 est
324 2603 522 2681 praecipitem,
544 2604 724 2683 cumprime
745 2604 774 2663 in
793 2600 903 2680 proelia
923 2601 1038 2661 iunctos
1112 2607 1166 2662 737

163 2684 377 2745 conscendebat
396 2703 496 2763 equos,
517 2688 610 2763 patrio
631 2704 772 2747 mucrone
793 2685 904 2755 relicto,

162 2766 231 2827 dum
255 2768 387 2845 trepidat,
412 2768 523 2830 ferrum
543 2771 660 2847 aurigae
679 2771 811 2847 rapuisse
832 2768 950 2829 Metisci.

87 2916 98 2925 ..
162 2850 248 2927 idque
271 2850 329 2920 diu,
352 2850 422 2911 dum
441 2860 523 2929 terga
545 2852 652 2913 dabant
672 2852 797 2929 palantia
819 2850 935 2919 Teucri,

161 2933 290 2992 sutfecit:
311 2940 467 3011 postquam
487 2950 567 2994 arma
588 2934 635 2995 dei
654 2933 691 2995 ad
710 2934 845 2994 Volcania
864 2941 1017 3001 ventumst,

162 3013 291 3075 mortalis
312 3031 414 3074 mucro
437 3014 544 3091 glacies
566 3034 620 3077 ceu
641 3015 740 3076 luttilis
757 3020 817 3077 ictu
1112 3024 1166 3079 itt

162 3096 297 3166 dissiluit;
319 3095 395 3157 fulva
415 3097 603 3175 resplendent
623 3099 765 3176 fragmina
783 3098 902 3161 harena.

50 3208 53 3214 ⁴
162 3197 232 3258 ergo
253 3197 354 3241 amens
371 3181 484 3241 diversa
505 3181 574 3258 luga
594 3183 667 3261 petit
686 3200 813 3259 aeeprora
834 3182 951 3243 Turnus

162 3270 190 3324 et
209 3280 288 3324 nunc
307 3263 376 3340 buc,
397 3264 464 3326 inde
487 3265 545 3326 buc
562 3266 688 3327 incertos
705 3264 834 3345 implicat
856 3264 958 3333 orbes;

161 3345 290 3426 undique
310 3347 387 3408 enim
409 3348 498 3409 densa
520 3347 627 3410 Teucri
644 3346 789 3410 inclusere
807 3365 924 3416 corona,

162 3434 248 3506 atque
270 3430 337 3490 binc
355 3437 434 3492 vasta
453 3430 634 3521 pelochino
654 3432 744 3493 ardua
762 3434 878 3494 moenia
896 3430 1025 3510 cingunt.
1113 3434 1165 3493 ttt
