2400 3878
148 188 207 249 162
461 198 603 246 venenu
628 197 752 246 annuis
768 198 822 245 nn

146 353 271 422 inveni,
291 370 443 430 germana,
465 353 540 413 riam
564 353 689 431 (gratare
707 354 827 432 sorori),

144 455 218 514 quae
241 436 312 496 mibi
333 436 436 497 reddat
459 455 525 497 eum
547 435 592 496 vel
611 454 645 497 eo
666 454 714 496 me
735 436 826 496 solvat
849 444 1002 497 amantem.

145 520 252 580 Oceani
273 520 361 580 linem
383 521 462 580 iuxta
482 519 632 598 solemque
655 519 806 580 cadentem

145 602 262 663 ultimus
283 603 457 681 Aethiopum
480 602 562 663 locus
584 610 642 671 est,
666 603 716 663 ubi
737 604 882 664 maximus
903 604 1002 665 Atlans

144 705 227 747 axem
248 704 350 748 umero
373 693 491 764 torquet
512 685 601 747 stellis
622 685 793 747 ardentibus
811 693 926 765 aptum:

143 769 211 830 binc
232 770 302 830 mibi
323 769 463 848 Massylae
484 772 578 846 gentis
597 777 756 830 monstrata
777 770 930 840 sacerdos,

143 853 336 931 Hesperidum
355 852 455 931 templi
478 860 575 915 custos
597 852 756 932 epulasque
774 854 895 914 draconi

144 955 218 1015 quae
239 937 326 998 dabat
348 944 376 997 et
398 955 497 997 saeros
519 937 652 997 servabat
673 938 703 998 in
723 936 830 998 arbore
851 955 957 999 ramos.

143 1020 215 1081 baec
238 1038 269 1081 se
290 1021 468 1081 carminibus
488 1022 629 1099 promittit
651 1020 763 1081 solvere
784 1028 896 1082 mentes

143 1121 214 1181 quas
237 1102 315 1172 relit,
335 1113 379 1163 ast
401 1103 462 1164 aliis
485 1104 574 1164 duras
592 1104 739 1165 inmittere
760 1122 861 1173 curas,

142 1188 244 1248 sistere
266 1205 371 1265 aquam
391 1186 484 1247 lluviis
506 1196 535 1248 et
557 1195 670 1249 vertere
690 1188 785 1248 sidera
807 1196 902 1257 retro;

142 1279 359 1349 nocturnosque
381 1277 477 1331 moret
497 1272 605 1331 mauis:
628 1273 742 1350 mugire
765 1271 874 1332 ridebis

141 1353 195 1414 sub
218 1353 342 1432 pedibus
362 1365 472 1414 terram
495 1361 523 1414 et
545 1353 724 1415 descendere
745 1354 895 1415 montibus
916 1373 1016 1418 ornos.

142 1444 245 1507 testor,
269 1456 350 1507 cara,
371 1439 441 1498 deos
464 1446 493 1498 et
514 1445 557 1507 te,
581 1456 736 1516 germana,
758 1446 900 1516 tuumque

142 1520 226 1582 dulce
248 1528 349 1598 caput,
372 1523 500 1598 magicas
521 1523 638 1581 inritam
658 1522 803 1599 accingier
826 1523 904 1583 artis.

142 1613 172 1665 tu
192 1615 304 1666 secreta
327 1624 427 1684 pyram
448 1614 524 1666 tecto
544 1607 684 1666 interiore
707 1606 761 1666 sub
782 1623 868 1666 auras

143 1691 235 1765 erige,
258 1696 286 1749 et
308 1707 388 1748 arma
410 1689 478 1758 viri,
502 1688 628 1748 thalamo
652 1708 726 1767 quae
747 1691 804 1749 flua
824 1689 942 1768 reliquit

142 1774 260 1850 impius,
285 1775 460 1850 esuriesque
481 1774 574 1832 omnis
596 1772 762 1850 lectumque
787 1772 928 1851 iugalem,

142 1873 199 1932 quo
221 1855 307 1932 perii,
327 1858 557 1934 superinponas:
581 1855 698 1917 abolere
721 1857 840 1918 nefandi

143 1948 245 1999 cuneta
269 1939 323 1998 riri
344 1940 522 1999 monimenta
542 1940 635 2010 iuvat,
658 1948 859 2020 monstratque
879 1943 1046 2005 sacerdos’

140 2022 212 2082 baec
233 2023 316 2082 allata
337 2021 416 2091 silet;
438 2021 532 2100 pallor
553 2023 640 2083 simul
659 2032 782 2101 occupat
801 2043 862 2086 ora.

140 2123 199 2165 non
221 2114 317 2166 tamen
338 2106 420 2168 Anna
441 2108 523 2166 non's
544 2116 715 2185 praetexere
737 2108 840 2169 lunera
856 2110 947 2169 saeris

140 2206 309 2267 germanam
329 2191 422 2251 credit
441 2209 496 2251 nec
517 2198 612 2252 tantos
634 2200 731 2253 mente
753 2192 869 2254 furores

140 2274 265 2351 concipit
287 2281 336 2335 aut
357 2275 490 2350 graviora
507 2276 588 2336 timet
609 2293 696 2354 quam
718 2284 812 2337 morte
834 2276 966 2355 Sychaei.

141 2375 210 2435 ergo
232 2359 310 2419 iussa
332 2366 423 2436 parat.

110 2441 160 2513 γ’
180 2443 216 2501 At
237 2443 351 2519 regina,
374 2460 445 2522 pyra
468 2443 608 2521 penetrali
629 2445 658 2504 in
680 2444 749 2505 sede
769 2444 824 2505 sub
846 2462 933 2505 auras

139 2535 236 2586 erecta
260 2527 370 2603 ingenti
390 2527 482 2588 taedis
504 2535 590 2606 atque
610 2527 675 2589 ilice
694 2536 786 2596 secta,

138 2609 317 2688 intenditque
337 2609 435 2671 locum
455 2613 540 2672 sertis
561 2618 589 2673 et
609 2611 712 2672 fronde
735 2620 856 2672 coronat

138 2692 272 2762 funerea;
295 2712 383 2771 super
406 2697 522 2756 exuvias
544 2713 701 2774 ensemque
725 2695 860 2756 relictum

138 2775 321 2854 effigiemque
345 2785 409 2838 toro
431 2777 523 2847 locat,
546 2779 617 2838 haut
638 2781 738 2855 ignara
759 2779 858 2840 futuri.

136 2869 212 2918 stant
233 2877 301 2918 arae
323 2861 448 2929 circum,
472 2867 502 2920 et
523 2861 611 2919 crinis
632 2863 720 2920 effusa
738 2863 876 2923 sacerdos

136 2947 181 3001 ter
204 2947 321 3001 eentum
343 2949 423 3001 tonat
444 2959 496 3002 ore
517 2943 602 3011 deos,
630 2943 819 3024 Erebumque
841 2947 995 3024 (imosque
1102 2963 1161 3019 sto

136 3025 384 3101 tergeminamque
406 3024 549 3095 lleoaten,
572 3027 627 3085 tria
643 3027 761 3103 virginis
782 3047 833 3089 ora
857 3030 973 3090 Dianae.

135 3115 282 3185 sparserat
304 3114 333 3167 et
351 3107 450 3169 latices
471 3107 621 3169 simulatos
639 3109 726 3169 loutis
746 3111 868 3182 Averni,

134 3189 256 3251 falcibus
278 3198 306 3251 et
327 3209 439 3253 messae
465 3193 501 3254 ad
521 3192 621 3253 lunam
642 3201 823 3270 quaeruntur
846 3198 926 3257 aenis

133 3273 276 3351 pubentes
296 3274 406 3336 herbae
429 3278 505 3354 nigri
523 3295 589 3338 oum
611 3275 685 3337 lacte
707 3280 825 3348 veneui;

134 3359 283 3434 quaeritur
306 3369 333 3420 et
352 3363 495 3421 nascentis
517 3359 583 3439 equi
603 3359 639 3422 de
660 3359 758 3421 lronte
779 3362 911 3423 revolsus

134 3447 161 3501 et
182 3444 267 3502 matri
287 3451 460 3522 praereptus
481 3462 572 3509 amor.
