2400 3878
138 194 199 255 204
473 204 616 252 vnnorcr
638 203 764 253 annuas
787 204 823 251 vr

137 362 243 423 secreti
267 360 361 422 celant
381 359 470 421 calles
492 366 521 420 et
542 366 656 420 murtea
679 360 790 419 circum

136 445 205 506 silva
228 446 313 524 tegit:
336 463 425 505 curae
446 460 505 503 non
526 444 586 521 ipsa
611 444 639 502 in
659 453 752 504 morte
774 444 952 521 relinquent.

137 530 182 589 his
205 530 369 591 Phaedram
391 529 585 605 Procrimque
612 530 673 588 ocis
691 535 890 606 maestamque
902 528 1074 610 Eriphylen,
1119 544 1170 601 445

137 613 264 674 crudelis
282 615 342 673 nati
364 621 578 672 monstrantem
599 612 732 681 volnera,
757 613 865 683 cernit,

136 697 359 776 Euhadnenque
381 704 409 756 et
432 695 611 773 Pasiphaen;
633 695 678 756 his
697 695 853 757 Laodamia

136 783 157 842 it
178 799 278 842 comes
300 790 328 842 et
350 781 461 841 iuvenis
485 778 649 858 quondam,
673 797 752 840 nunc
771 780 878 841 femina
892 780 1031 863 flaeneus

135 883 240 926 rursus
262 874 291 927 et
313 867 342 925 in
365 873 494 925 veterem
516 864 574 924 lato
594 863 724 925 revoluta
747 865 881 943 liguram.

135 952 212 1011 inter
235 967 308 1028 quas
328 949 486 1010 Phoenissa
508 964 611 1009 recens
633 967 648 1008 a
673 947 791 1009 volnere
810 949 882 1009 llido

136 1034 253 1094 errabat
276 1033 344 1092 silva
367 1034 397 1092 in
420 1049 535 1110 magna.
581 1050 668 1111 qnam
690 1032 797 1092 Troius
819 1033 908 1093 heros

134 1126 167 1178 ut
186 1119 315 1195 primum
339 1119 416 1177 iuxta
440 1119 519 1177 stetit
542 1117 737 1195 adgnovitque
754 1134 807 1194 per
829 1116 949 1178 umbras

136 1201 306 1269 obscuram,
338 1200 452 1279 ‹pralem
472 1200 568 1278 primo
591 1201 640 1278 qui
662 1217 786 1278 surgere
806 1219 907 1263 mense

135 1294 184 1346 aut
203 1286 281 1345 ridet
303 1293 352 1346 ant
375 1285 480 1345 vidisse
501 1292 583 1362 putat
605 1302 658 1361 per
680 1285 779 1345 nubila
798 1283 912 1356 lunam,

135 1370 250 1430 demisit
273 1369 406 1430 lacrimas
426 1367 562 1448 dulcique
583 1369 698 1430 adfatus
721 1377 863 1430 amorest:

135 1454 247 1515 'infelix
273 1454 361 1522 Dido,
382 1471 469 1514 verus
491 1454 563 1515 mihi
585 1455 703 1514 nuntius
724 1471 795 1531 ergo

134 1550 253 1600 venerat
276 1540 432 1600 extinctam
455 1539 593 1616 ferroque
616 1546 746 1599 extrema
772 1538 923 1600 secutam?

135 1623 246 1683 funeris
269 1625 325 1684 heu
349 1623 401 1682 tibi
424 1641 511 1683 eausa
530 1623 592 1683 tuit
613 1640 666 1700 per
681 1622 776 1683 sidera
798 1624 878 1692 iuro,

133 1725 186 1784 per
209 1725 334 1785 superos
358 1715 386 1767 et
408 1709 490 1785 siqua
511 1706 582 1767 fides
602 1705 707 1767 tellure
730 1705 784 1767 suh
806 1708 864 1767 ima
889 1714 948 1777 est,

132 1792 254 1860 inritus,
276 1793 392 1867 regina,
416 1800 466 1851 tuo
490 1791 526 1851 de
545 1790 630 1852 litore
647 1793 728 1851 cessi.

132 1874 184 1934 sed
198 1893 245 1935 me
268 1876 344 1935 iussa
368 1874 470 1943 deum,
494 1892 568 1952 quae
590 1892 669 1935 nunc
691 1874 744 1934 has
769 1876 812 1935 ire
833 1892 887 1953 per
909 1874 1047 1948 umbras,
1081 1899 1085 1909 ·

133 1976 184 2036 per
207 1957 271 2019 loca
294 1966 375 2018 senta
397 1960 454 2018 situ
476 1967 584 2036 cogunt
606 1966 782 2037 noctemque
804 1959 995 2037 profundam,

132 2043 261 2119 imperiis
284 2060 370 2120 egere
388 2045 462 2110 suis;
486 2060 540 2102 nec
563 2043 685 2103 credere
708 2043 785 2121 quivi

132 2127 210 2186 hunc
234 2133 346 2186 tantum
366 2125 417 2187 tibi
441 2145 487 2186 me
511 2126 641 2188 discessu
663 2126 742 2187 ferre
764 2125 904 2188 dolorem.

131 2212 201 2271 siste
224 2211 348 2286 gradum
370 2219 457 2288 teque
480 2219 599 2288 aspectu
621 2229 659 2272 ne
678 2209 819 2272 subtrahe
841 2219 952 2272 nostro.
1112 2228 1165 2285 η

131 2313 218 2372 quem
243 2294 335 2372 fugis?
356 2303 519 2354 extremum
543 2294 602 2355 fato
625 2294 703 2374 quod
727 2303 754 2356 te
776 2295 932 2375 adloquor,
956 2295 1015 2357 hoc
1038 2300 1114 2361 est·

131 2378 237 2440 talibus
262 2380 375 2439 deneas
398 2379 550 2439 ardentem
570 2389 599 2439 et
621 2386 703 2439 torva
727 2388 856 2443 tuentem

131 2462 240 2525 lenibat
262 2463 344 2523 dictis
364 2466 494 2524 animum
513 2462 707 2542 lacrimasque
729 2463 832 2525 ciebat.

131 2547 178 2608 illa
201 2547 264 2609 solo
284 2548 357 2607 fixos
379 2547 479 2609 octrlos
502 2567 601 2609 aversa
625 2548 756 2618 tenebat,

130 2651 184 2691 nec
207 2634 299 2708 magis
323 2634 438 2711 incepto
462 2633 570 2693 rollum
594 2650 729 2694 sermone
751 2640 898 2702 movetur,
1110 2646 1164 2705 470

130 2734 217 2793 quam
240 2719 264 2776 si
287 2716 358 2775 dura
382 2717 452 2778 silex
474 2725 524 2777 aut
545 2726 601 2778 stet
623 2716 765 2794 Marpesia
793 2727 901 2778 cautes.

128 2800 246 2860 tandem
268 2803 409 2878 corripuit
430 2819 494 2862 sese
517 2810 603 2879 atque
625 2801 741 2861 inimica
768 2801 875 2878 refugit

128 2885 157 2941 in
176 2900 280 2943 nemus
304 2884 515 2953 umbriferum,
540 2887 666 2945 coniunx
689 2885 739 2946 ubi
766 2887 906 2965 pristinus
928 2884 969 2946 illi

128 2967 287 3044 respondet
308 2968 387 3028 curis
409 2976 572 3046 aequatque
595 2969 743 3048 Sychaeus
767 2987 907 3032 amorem.

128 3068 183 3111 nec
206 3052 303 3111 minus
323 3053 453 3115 deneas.
477 3069 546 3113 casu
569 3071 730 3115 concussus
753 3058 869 3136 iniquo,
1109 3066 1162 3127 m

127 3135 314 3214 prosequitur
330 3139 465 3200 lacrimis
486 3135 573 3215 longe
596 3146 623 3200 et
645 3140 801 3201 miseratur
823 3146 951 3201 euntem.

169 3217 238 3280 lnde
259 3218 361 3281 datum
381 3223 501 3282 molitur
522 3223 587 3283 iter.
631 3225 748 3303 iamque
770 3242 837 3285 arva
861 3221 980 3283 tenebat

127 3303 242 3371 uatima,
266 3322 341 3381 quae
359 3304 437 3365 bello
461 3303 531 3366 clari
551 3316 664 3368 secreta
688 3308 881 3387 frequentant.

127 3385 174 3446 hic
198 3386 237 3448 illi
258 3391 387 3450 occrrrrit
405 3389 537 3469 Tydeus,
560 3391 608 3451 hio
629 3392 755 3453 inclutus
777 3393 866 3452 armis

126 3470 363 3551 Parthenopaeus
388 3483 415 3534 et
436 3474 550 3536 Adrasti
572 3475 706 3555 pallentis
728 3479 839 3554 imago,
