2400 3878
421 242 703 319 vuuorurauums
719 243 742 290 v
1026 225 1080 288 181

78 400 198 468 arduus,
221 400 398 478 ollractoque
419 399 508 459 inlisit
529 403 559 459 in
582 415 646 459 ossa
669 395 808 476 cerebro:
1033 403 1084 458 480

74 484 213 542 sternitur
236 483 433 560 exanimisque
452 489 579 544 tremens
598 479 764 558 procumbit
786 478 866 539 bumi
889 476 952 538 bos.

74 565 121 625 ille
144 583 232 642 super
251 566 314 626 talis
338 566 458 626 effundit
477 572 596 644 pectore
619 581 719 624 voces:

74 647 164 709 'hanc
186 648 250 717 tibi,
276 649 366 727 Eryx,
386 648 535 709 meliorem
558 650 682 708 animam
702 664 756 724 pro
778 653 871 705 morte
893 644 1002 705 Daretis

73 731 222 808 persolvo:
245 732 407 800 bicyictor
430 739 542 793 caestus
563 740 713 809 artemque
736 727 892 847 reponq72

116 815 251 877 Protinus
274 818 385 875 Aeneas
407 815 494 876 celeri
517 821 630 876 certare
652 815 754 890 sagitta
1035 821 1083 873 llic

74 899 172 958 inritat
193 901 241 977 qui
260 901 335 959 l'orte
355 897 458 969 velint,
483 906 511 959 et
529 900 657 976 praemia
681 898 762 965 dicit,

74 982 240 1059 ingentique
261 1000 350 1043 manu
372 981 480 1043 malum
503 982 539 1042 de
561 999 633 1042 nare
655 982 763 1042 Seresti

74 1066 158 1140 erigit
180 1073 207 1125 et
224 1066 372 1126 volucrem
396 1069 517 1127 traiecto
539 1067 568 1125 in
592 1067 660 1127 lune
685 1062 866 1131 columbam,

73 1166 129 1225 quo
151 1149 269 1209 tendant
292 1150 417 1217 lerrum,
441 1149 516 1234 malo
536 1149 686 1227 suspendit
706 1147 742 1208 ab
764 1146 830 1207 alto.

71 1247 235 1293 convenere
254 1234 321 1302 viri,
345 1230 544 1312 deiectamque
567 1251 651 1294 aerea
672 1239 782 1292 sortem

73 1316 183 1391 accepit
203 1314 299 1393 galea:
321 1324 349 1376 et
372 1319 483 1393 primus
503 1311 630 1377 clamore
652 1315 779 1376 secundo

74 1396 245 1475 Hyrtacidae
267 1407 334 1458 ante
356 1400 449 1458 omnis
469 1401 528 1459 exit
548 1398 630 1460 locus
652 1398 869 1476 Hippocoontis.

74 1497 160 1556 quem
182 1481 269 1539 modo
289 1481 381 1540 navali
402 1481 570 1541 linestheus
592 1483 749 1541 certamine
768 1481 858 1539 victor

72 1565 272 1640 consequitur,
296 1563 378 1623 viridi
402 1563 568 1624 blnestbeus
589 1566 717 1625 evinctus
737 1561 818 1621 oliva.

72 1647 173 1706 tertius
192 1646 347 1726 Eurytion,
371 1654 438 1707 tuus
461 1666 477 1706 o
501 1646 658 1707 clarissime
678 1646 768 1707 irater

72 1728 217 1799 Pandare,
240 1731 288 1808 qui
311 1731 473 1809 quondam,
495 1731 591 1802 iussus
614 1730 791 1810 confundere
813 1727 928 1808 foedus.

71 1814 102 1872 in
126 1813 239 1874 medios
261 1812 350 1874 telum
366 1815 474 1874 torsisti
497 1814 609 1892 primus
629 1813 760 1873 Achivos.

72 1904 219 1957 extremus
238 1895 377 1976 galeaque
402 1899 457 1958 ima
483 1897 612 1965 subsedit
633 1899 765 1963 Acestes,

71 1997 157 2039 ausus
176 1981 285 2058 etipse
305 1998 392 2042 manu
414 1983 550 2042 iuvenum
572 1988 714 2060 temptare
733 1979 874 2041 laborem.

71 2070 130 2123 tum
154 2062 254 2124 validis
276 2064 367 2124 llexos
389 2066 542 2127 incurvant
562 2065 673 2126 viribus
696 2081 781 2124 arcus

68 2164 122 2224 pro
145 2166 176 2207 se
199 2148 323 2226 quisque
345 2149 398 2209 viri
419 2157 447 2209 et
469 2149 645 2228 depromunt
665 2147 721 2208 tela
739 2147 894 2224 pharetris.

69 2232 220 2309 primaque
241 2248 294 2308 per
317 2231 429 2293 caelum
450 2250 540 2293 nervo
562 2232 702 2293 stridente
723 2231 824 2309 sagitta

70 2311 240 2390 Hyrtacidae
257 2315 368 2374 iuvenis
390 2315 516 2376 volucris
539 2315 703 2377 diverberat
723 2332 823 2383 auras;

70 2402 98 2454 et
116 2398 192 2454 venit
213 2397 384 2474 adversique
406 2399 535 2481 infigitur
554 2399 661 2459 arbore
682 2397 760 2457 mali.

68 2478 217 2538 bitremuit
234 2470 327 2538 malus
362 2482 515 2556 timuitque
540 2481 677 2542 exterrita
698 2481 794 2556 pinnis

69 2559 128 2620 ales
151 2559 195 2643 [et
215 2562 325 2637 ingenti
347 2571 509 2622 sonuerunt
531 2565 628 2622 omnia
651 2560 779 2640 plausu].

68 2651 133 2721 post
156 2661 224 2702 acer
245 2643 411 2705 linestbeus
432 2645 560 2706 adducto
583 2645 709 2705 constitit
730 2662 815 2712 arcu,

68 2725 123 2785 alta
141 2733 261 2804 petens,
283 2728 450 2806 pariterque
473 2728 573 2790 oculos
593 2727 741 2808 telumque
762 2727 893 2788 tetendit
956 2781 959 2787 ,

68 2819 111 2869 ast
134 2812 225 2887 ipsam
245 2811 430 2872 miserandus
448 2831 530 2874 arem
550 2814 719 2891 contingere
740 2812 818 2872 lerro

68 2910 126 2953 uon
150 2893 251 2956 valuit:
274 2895 368 2956 nodos
389 2903 418 2957 et
438 2898 551 2958 vincula
573 2896 649 2958 linea
669 2898 762 2975 rupit,

68 2980 132 3055 quis
154 2979 259 3038 innexa
279 2980 385 3057 pedem
406 2981 482 3041 malo
503 2981 651 3059 pendebat
671 2980 707 3041 ab
730 2981 803 3050 alto;

67 3059 114 3121 illa
135 3059 219 3121 notos
241 3069 327 3141 atque
349 3063 406 3125 alta
427 3065 526 3126 volans
547 3067 577 3125 in
598 3063 696 3127 nubila
719 3065 800 3143 fugit.

67 3151 128 3204 tum
151 3146 285 3223 rapidus,
308 3148 467 3210 iandudum
490 3168 561 3210 arcu
584 3156 718 3210 contenta
741 3155 841 3226 parato

66 3227 123 3288 tela
145 3236 261 3299 tenens,
284 3230 407 3292 fratrem
429 3233 569 3311 Eurytion
588 3236 618 3292 in
636 3241 701 3291 vota
723 3231 848 3299 vocavit,

68 3314 125 3371 lam
148 3329 237 3373 vacuo
253 3311 359 3376 laetam
382 3315 462 3378 caelo
485 3316 665 3394 speculatus,
688 3323 716 3374 et
738 3313 790 3375 alis

66 3394 253 3476 plaudentem
275 3400 358 3474 nigra
380 3401 442 3478 flgit
459 3399 513 3460 sub
536 3398 616 3460 nube
635 3396 809 3458 columbam.

67 3479 172 3540 decidit
196 3480 336 3540 exanimis
356 3484 503 3562 vitamque
524 3481 641 3560 reliquit
662 3481 691 3541 in
713 3482 797 3540 astris
