2400 3878
147 186 207 246 370
467 196 496 241 r.
519 193 662 241 verona
684 192 840 240 neroum

146 352 206 410 sire
228 356 272 410 est
294 357 397 409 neutra
419 366 527 427 parens
549 356 635 426 atque
657 348 713 407 hoe
735 350 764 407 in
788 350 919 409 carmine
941 356 1003 409 toto

147 435 275 511 luguiuis
297 442 341 493 est
363 435 462 491 vitium
486 441 516 491 et
537 432 657 491 Veneris
679 431 824 509 descripta
847 431 953 500 libido;

146 519 206 577 sire
228 518 314 576 etiam
338 518 422 576 iactis
443 517 571 594 speeiem
592 523 701 574 mutata
725 518 843 574 venenis

147 599 247 659 lnielix
269 603 349 678 virgo
373 600 452 677 (quid
476 600 553 659 enim
576 600 764 658 commiserat
784 598 851 657 illal

147 686 209 762 ipse
231 692 314 762 pater
336 683 466 742 timidam
490 685 566 740 sicca
589 681 760 760 complexus
782 700 870 741 arena

147 769 314 844 coniugium
338 785 423 826 carae
446 764 601 824 violaverat
623 766 826 843 hmphitrltes;

147 859 275 911 attamen
298 851 394 927 exegit
415 849 503 926 longo
526 856 591 927 post
613 856 745 927 tempore
768 866 883 927 poenas,

146 943 193 1003 nt,
218 952 283 993 cum
306 951 376 993 cura
399 935 442 991 sui
465 932 620 991 veheretur
643 933 774 1009 coniugis
796 931 863 1000 alto,

146 1021 208 1097 ipsa
232 1025 343 1076 trucem
367 1016 458 1075 multo
481 1017 619 1074 misceret
640 1017 781 1093 sangnine
803 1024 950 1095 pontumy3

147 1119 198 1160 seu
222 1118 304 1167 vero,
328 1108 360 1158 ut
382 1098 553 1178 perhibent,
578 1098 671 1157 iorma
694 1117 760 1159 cum
781 1101 912 1159 vinceret
934 1117 1037 1159 omnes

148 1192 176 1243 et
199 1182 320 1260 cupidos
342 1190 464 1260 quaestu
486 1183 593 1260 passim
617 1181 772 1260 popularet
793 1190 933 1252 amantes,

148 1265 304 1325 horribiles
327 1268 437 1325 circum
460 1265 529 1324 vidit
551 1284 582 1324 se
599 1267 702 1324 sistere
726 1266 834 1325 lormas

147 1349 275 1428 piscibus
298 1358 327 1409 et
349 1348 527 1427 canibusque
550 1348 633 1407 malis
656 1348 757 1407 vallata
780 1359 931 1428 repentest

149 1435 215 1511 (heu
239 1435 373 1511 quotiens
395 1433 499 1492 mirata
523 1450 613 1491 noros
635 1431 774 1510 expalluit
796 1432 889 1492 artus!

148 1519 209 1596 ipsa
232 1535 300 1577 suos
337 1517 472 1595 quotiens
494 1516 551 1575 heu
573 1517 726 1594 pertimuit
746 1515 901 1590 latratuslh

148 1620 216 1661 ausa
239 1601 316 1679 quod
339 1610 384 1660 ost
405 1599 510 1659 mulier
532 1618 640 1659 numen
663 1599 799 1660 iraxulare
822 1600 942 1659 deorum

148 1692 177 1744 et
200 1684 307 1743 dietam
330 1685 436 1743 Veneri
458 1692 590 1742 votorum
614 1692 745 1743 avertere
767 1701 900 1762 poenam,

148 1786 251 1845 quam,
276 1766 351 1826 mala
375 1765 528 1844 multiplici
550 1768 686 1827 huenum
702 1767 779 1845 quod
801 1775 901 1845 saepta
923 1776 1039 1829 caterva

149 1851 218 1909 vixit
240 1857 359 1927 eratque
383 1851 480 1909 animo
503 1851 643 1909 meretrix
665 1852 769 1910 iactata
792 1850 928 1922 ferarum,

149 1932 286 1992 iniamem
311 1932 359 1990 tali
382 1934 486 1991 merito
509 1950 628 1992 rumore
652 1932 738 1992 luisse

150 2015 233 2074 docta
255 2014 442 2093 Palaephatia
465 2022 587 2074 testatur
609 2034 680 2074 voce
703 2035 844 2095 papyrus:

149 2097 289 2176 ipridquid
312 2106 341 2157 et
362 2107 394 2158 ut
416 2099 538 2177 quisque
560 2107 605 2158 est
626 2098 676 2158 tali
698 2098 734 2157 de
756 2099 838 2160 clade
860 2099 982 2169 locutus.

148 2182 353 2260 Mnemosyne,
376 2182 472 2260 potins
494 2181 580 2241 liceat
602 2190 754 2242 notescere
780 2185 865 2252 cirin,

148 2273 234 2343 atque
257 2283 344 2325 unam
367 2283 403 2325 ex
425 2263 522 2324 multis
545 2264 669 2343 Scyllam
694 2284 752 2326 non
775 2285 839 2327 esse
862 2267 974 2346 puellis.

149 2367 239 2427 quare
262 2368 336 2429 quae
359 2356 461 2408 cantus
483 2349 636 2408 meditanti
658 2350 775 2410 mittere
798 2360 897 2411 curtos

149 2451 252 2508 magna
276 2433 348 2492 mihi
370 2432 475 2511 cupido
499 2433 640 2493 tribuistis
662 2436 807 2511 praemia,
831 2435 912 2494 divae

149 2516 292 2585 l'ierides,
316 2533 438 2595 quarum
462 2525 557 2576 castos
579 2516 733 2577 alabastria
755 2526 854 2597 postes

150 2618 271 2659 munere
293 2617 380 2679 saepe
403 2618 469 2660 meo
491 2601 626 2660 inliciunt
648 2600 818 2679 foribusque
840 2601 990 2679 hyacinthi

148 2683 316 2761 dependent
338 2683 425 2743 llores
447 2691 496 2743 aut
518 2702 604 2745 suave
627 2684 737 2743 rubens
759 2686 906 2744 narcissus

148 2775 198 2826 aut
219 2784 323 2826 crocus
345 2765 457 2826 alterna
480 2769 661 2845 coniungens
683 2767 741 2827 lilia
764 2768 859 2828 caltha

148 2867 306 2929 sparsaque
328 2849 477 2909 liminibus
499 2850 584 2910 lloret
605 2869 685 2920 rosa,
710 2869 787 2911 nune
810 2870 878 2928 age,
903 2851 994 2920 dirae,

148 2934 306 3011 praecipue
330 2940 429 2991 nostro
453 2950 531 2992 nune
554 2934 700 3011 adspirate
722 2932 816 2994 labori

147 3022 235 3093 atque
259 3032 364 3073 novum
388 3022 508 3073 aeterno
531 3018 691 3092 praetexite
713 3016 827 3077 honore
850 3017 996 3077 volumen.
1111 3026 1163 3083 tho

189 3099 264 3157 Sunt
286 3095 453 3157 Pandioniis
475 3098 587 3156 vicinae
609 3098 727 3158 sedibus
748 3099 838 3161 urbes

146 3184 269 3242 Actaeos
291 3183 368 3240 inter
391 3179 481 3240 colles
503 3191 532 3240 et
554 3181 678 3241 candida
700 3182 808 3242 Thesei

148 3267 303 3343 purpureis
324 3264 381 3324 late
404 3265 528 3324 ridentia
551 3264 635 3325 litora
658 3266 787 3336 conchis

147 3367 269 3426 quarum
293 3367 352 3407 non
375 3347 426 3408 ulli
449 3349 525 3408 lama
547 3350 710 3409 concedere
733 3348 819 3427 digna

145 3439 203 3489 stat
225 3432 356 3508 llegara,
379 3432 511 3492 Alcathoi
532 3433 680 3511 quondam
702 3437 813 3494 munita
836 3435 945 3505 labore,
1112 3447 1162 3503 tot
