2400 3878
90 219 200 267 xxxw
242 218 290 265 Dii
312 219 395 267 VITA
417 219 461 265 ET
484 218 613 268 sempr.
636 222 666 268 P.
682 220 784 270 VERG.
807 222 889 270 nisit.
912 221 1016 273 NARR.

172 377 246 433 luter
264 380 367 433 minora
388 395 455 452 quae
482 379 544 433 huic
564 378 692 434 volumini
713 379 850 452 vulgarem
871 377 1093 435 cousuetudinem

89 462 176 516 secuti
190 460 358 517 adiunnmus
374 464 489 519 carmina
504 470 606 516 certum
621 461 727 517 videtur
741 461 851 536 Vergilii
866 479 921 518 non
935 478 996 518 esse
1011 470 1093 519 cata·

89 546 184 600 lecton
194 542 216 596 V
227 551 255 599 et
265 543 299 599 lll
314 553 341 600 et
357 549 430 603 cirin
444 561 554 619 poema:
570 547 686 618 genuina
700 553 728 600 et
743 546 815 600 omni
830 545 995 601 dubitatione
1009 544 1093 601 libere

90 625 167 682 catal.
184 626 226 681 Vl.
242 627 295 682 Vll.
312 627 387 684 Vllll.
403 628 438 691 ll;
455 645 505 684 nec
520 633 616 691 cetera,
632 629 655 683 si
670 644 752 683 unum
768 637 813 684 aut
829 628 943 684 alterum
954 629 1093 690 exemeris,

90 709 256 766 abiudicnndi
266 726 281 765 a
291 719 386 767 nostro
400 728 506 767 causam
515 710 592 765 video
604 711 736 767 idoneam.
757 713 805 769 sed
815 714 980 770 totamhanc
995 727 1093 787 quaes.

90 794 191 848 tionem
206 795 353 849 anundus
369 796 420 850 alio
436 796 497 850 loeo
514 793 642 850 tractabo.

90 971 177 1006 verm
200 958 274 1006 etiam
295 959 452 1020 inperfectos
468 960 534 1008 sicut
555 965 630 1006 erant
651 959 798 1023 reliquerit’
820 957 946 1008 Donatus
964 973 990 1022 p.
1010 959 1042 1008 63
1059 959 1092 1007 R.

91 1022 210 1072 ‘Varias
228 1029 252 1072 ei
273 1023 356 1074 litcca
372 1025 480 1088 Verpilt'i
491 1032 517 1073 et
534 1023 641 1074 Horatii
657 1025 847 1075 contubernales
863 1031 955 1088 poetae
971 1024 1094 1074 labentur

90 1090 222 1148 inlustres,
236 1093 280 1154 pai
291 1092 420 1141 Aeneidos
431 1099 523 1154 postea
534 1091 613 1141 libros
624 1094 789 1141 emendarunt
799 1091 844 1141 sad
862 1094 916 1155 lepe
934 1107 977 1148 ea,
995 1098 1022 1140 at
1034 1092 1096 1140 nihil

90 1157 231 1205 adderent’
254 1157 439 1221 Hieronymus
457 1157 501 1207 01.
526 1159 588 1218 190,
610 1158 637 1206 4.
660 1163 766 1221 ‘postea
787 1158 819 1208 ab
841 1158 954 1221 Aapasio
977 1159 1095 1208 Aeneida

88 1225 247 1286 propositam
263 1226 369 1287 scripsit
389 1226 462 1274 aaron
480 1225 535 1280 XI,
557 1227 604 1273 sed
620 1240 667 1274 nec
681 1227 825 1276 emendarit
841 1241 887 1274 nec
904 1227 993 1275 edidit.
1028 1226 1096 1274 ande

91 1305 145 1339 eam
165 1291 274 1340 moriens
299 1294 433 1354 praecepit
459 1292 567 1340 incendi.
609 1293 737 1355 Aapnstas
759 1308 831 1349 nero,
858 1307 890 1340 ne
916 1297 1009 1340 tantam
1032 1307 1096 1355 opus

89 1357 201 1419 periret,
226 1357 331 1406 Tuccam
354 1365 379 1407 et
401 1358 506 1407 Variam
527 1358 576 1406 lac
593 1360 647 1421 lepe
665 1361 739 1408 iussit
756 1360 901 1415 emendare,
923 1365 951 1407 at
966 1359 1096 1422 superflua

91 1425 230 1482 demerent,
249 1425 310 1474 niltil
327 1426 452 1475 adderent
468 1423 559 1473 tarnen’
579 1424 691 1475 Servius
708 1426 737 1475 in
749 1425 894 1491 prooemio.
918 1425 1025 1475 ‘Aeneis
1039 1440 1095 1474 ser-

90 1496 151 1540 vata
161 1491 193 1540 ab
206 1492 332 1556 Auprasio,
351 1493 461 1557 quamuis
472 1492 528 1555 ipae
545 1498 693 1543 testamento
706 1495 874 1550 damnaverit,
893 1508 923 1542 ne
936 1493 997 1557 qaid
1013 1507 1096 1542 eoram

91 1572 156 1620 quae
167 1573 217 1607 non
229 1561 352 1609 edidisset
363 1565 479 1616 extaret,
498 1561 568 1624 pand
578 1567 603 1609 et
620 1559 723 1610 Servius
739 1562 824 1611 Varus
836 1559 955 1622 (Maenas
972 1557 1095 1620 Iahnius)

91 1624 139 1671 loc
157 1630 266 1674 testatur
283 1628 477 1689 epiprammate’
496 1641 520 1675 e.
539 1640 564 1689 q.
583 1641 602 1676 s.
620 1628 726 1677 Probus
743 1627 772 1675 in
790 1628 848 1675 vita
866 1642 892 1689 p.
904 1629 920 1675 2
932 1628 966 1675 Κ.
985 1625 1021 1676 ci.
1041 1624 1095 1673 Pli·

91 1689 153 1737 nius
165 1705 191 1738 n.
210 1690 237 1738 h.
248 1690 302 1741 VII
320 1694 366 1752 30,
384 1694 416 1741 31
436 1691 543 1742 Gellius
560 1692 640 1741 XVII
653 1694 725 1751 10‚t
742 1693 899 1742 Macrobius
918 1692 976 1741 Sat.
990 1692 1056 1752 124,
1070 1692 1094 1739 6.

92 1754 232 1820 disputavi
251 1755 283 1805 de
301 1758 386 1807 Vario
403 1757 534 1807 Aeneidis
553 1757 659 1805 editore
678 1758 707 1806 in
725 1757 847 1822 prolegg.
867 1773 928 1822 esp.
946 1757 1007 1807 VII.
