2454 3936
152 221 210 284 13²
477 232 622 281 vnncrm
644 231 770 279 sannis
794 233 832 279 111

148 398 210 448 tum
235 390 363 468 genitor,
386 395 518 448 veterum
541 387 656 448 volvens
674 387 852 448 monimenta
874 389 1015 460 virorum,

149 473 276 540 ‘audite
298 492 315 532 o
337 470 501 550 proceres‚'
520 472 559 531 ait
581 478 627 531 ‘et
646 488 713 548 spes
736 470 837 531 discite
859 480 978 533 vestras.

149 555 234 616 Creta
252 555 325 616 lovis
347 557 445 633 magni
466 554 562 615 medio
583 556 659 615 iacet
680 553 774 615 insula
795 563 900 633 ponto,

148 657 233 699 mons
253 639 357 712 idaeus
378 637 428 700 ubi
452 646 480 700 et
499 640 593 717 gentis
615 637 759 699 cunabula
780 647 908 699 nostrae.

149 731 265 784 centum
288 723 377 783 urbes
397 723 529 784 habitant
549 739 686 800 magnas,
709 721 858 783 uberrima
878 740 984 802 regna:

149 808 292 867 maximus
314 807 392 867 unde
413 814 513 884 pater,
541 807 564 865 si
585 807 641 865 rite
662 804 759 866 audita
776 806 934 876 recordor,

148 889 280 951 Teucrus
298 889 442 951 Rhoeteas
463 890 592 968 primum
611 896 654 950 est
675 888 812 950 advectus
833 890 863 949 in
885 907 953 951 oras

149 974 314 1052 optavitque
333 972 430 1035 locum
452 992 553 1053 regno.
597 974 727 1033 nondum
749 973 833 1033 llium
855 980 883 1034 et
901 991 983 1034 arces

35 1056 39 1066 '
149 1055 327 1134 Pergameae
342 1064 496 1126 steterant;
517 1056 686 1117 habitabant
706 1056 830 1116 vallibus
851 1057 924 1116 imis.

151 1139 218 1198 hinc
241 1148 333 1200 mater
353 1139 457 1203 cultrix
481 1139 579 1220 Cybeli
601 1140 831 1219 Corybantiaque
852 1138 920 1200 a'era

151 1223 328 1302 Idaeumque
349 1242 467 1291 nemus:
489 1224 557 1284 hinc
575 1224 631 1284 lida
654 1224 765 1284 silentia
787 1225 891 1292 sacris,

151 1314 179 1366 et
201 1308 291 1367 iuncti
313 1326 434 1369 currum
456 1309 591 1368 dominae
612 1307 730 1368 subiere
751 1307 860 1368 leones.

150 1407 221 1468 ergo
244 1393 334 1467 agite,
356 1399 385 1453 et
406 1393 502 1453 divom
524 1391 635 1453 ducunt
655 1409 713 1469 qua
734 1393 811 1453 iussa
833 1409 1005 1471 sequamur,

149 1473 298 1553 placemus
320 1485 422 1538 ventos
441 1484 470 1538 et
487 1477 592 1538 Cnosia
611 1493 703 1554 regna
723 1485 867 1554 petamus.

149 1576 205 1618 nec
228 1558 315 1636 longo
338 1561 444 1622 distant
463 1578 567 1622 cursu:
588 1559 675 1620 modo
699 1560 829 1640 luppiter
850 1561 938 1629 adsit,

150 1644 234 1702 tertia
255 1641 302 1702 lux
328 1643 448 1705 classem
472 1645 600 1706 Cretaeis
620 1645 701 1704 sistet
722 1646 752 1704 in
770 1643 855 1704 oris.'

150 1725 192 1784 sic
212 1727 288 1787 latus
310 1729 429 1788 meritos
451 1731 508 1788 aris
528 1729 662 1788 mactavit
682 1728 826 1797 honores,

150 1815 266 1868 taurum
285 1809 434 1888 Neptuno,
460 1818 578 1870 taurum
599 1809 666 1879 tibi,
689 1810 812 1888 pulcher
830 1809 948 1889 Apollo,

149 1892 265 1968 nigram
289 1893 383 1954 Hiemi
402 1893 560 1971 pecudem,
585 1893 723 1973 Zephyris
742 1893 875 1956 felicibus
896 1893 1000 1954 albam.

194 1975 282 2035 Fama
301 1975 379 2037 volat
396 1975 512 2054 pulsum
534 1978 633 2055 regnis
658 1979 779 2039 cessisse
800 1979 928 2056 paternis

151 2056 308 2119 idomenea
331 2059 449 2130 ducem,
474 2061 649 2138 desertaque
669 2060 752 2122 litora
777 2061 895 2130 Cretae,

151 2142 234 2203 hoste
255 2160 359 2204 vacare
379 2143 513 2212 domum,
536 2144 678 2222 sedesque
698 2153 793 2205 astare
810 2145 935 2206 relictas.

151 2227 283 2286 nauticus
306 2229 436 2288 exoritur
457 2229 537 2288 vario
556 2230 713 2289 certamine
735 2228 860 2298 clam0r;

151 2308 305 2370 hortantur
327 2312 398 2372 socii
422 2311 538 2372 Cretam
559 2330 742 2391 proavosque
761 2322 902 2391 petamus.

151 2391 306 2471 linquimus
325 2393 461 2475 Ortygiae
480 2404 583 2473 portus
604 2396 765 2475 pelagoque
786 2397 930 2464 volamus,

51 2484 73 2516 '·
150 2475 381 2558 bacchatamque
402 2481 478 2558 iugis
500 2480 613 2541 Naxum
634 2481 815 2560 viridemque
836 2482 1000 2549 Donusam,

152 2560 289 2623 Olearum
304 2564 476 2645 niveamque
491 2563 599 2628 Parum
621 2583 797 2644 sparsasque
815 2583 869 2644 per
889 2580 1000 2641 aequor
1057 2578 1059 2582 ⁴

151 2643 290 2724 Cycladas
305 2657 335 2708 et
356 2648 468 2710 crebris
490 2648 613 2728 legimus
632 2649 706 2710 freta
729 2651 842 2712 consita
863 2648 958 2710 terris.

150 2731 338 2806 prosequitur
353 2750 478 2810 surgens
500 2751 516 2791 a
538 2736 630 2811 puppi
651 2740 753 2793 ventus
776 2735 883 2802 euntis,

151 2818 180 2868 et
202 2812 320 2872 tandem
341 2814 466 2890 antiquis
488 2813 627 2876 Curetum
647 2814 811 2875 adlabimur
833 2816 900 2875 oris.

151 2910 222 2968 ergo
245 2894 344 2953 avidus
366 2913 467 2955 muros
487 2902 601 2971 optatae
623 2896 728 2955 molior
749 2896 832 2956 urbis

150 2974 398 3056 Pergameamque
417 2995 505 3045 voco,
529 2985 557 3036 et
580 2977 685 3039 laetam
707 2980 881 3059 cognomine
901 2982 1017 3056 gentem

151 3058 255 3119 hortor
278 3078 376 3120 amare
398 3061 479 3120 locos
500 3077 657 3140 arcemque
679 3061 811 3122 attollere
832 3063 925 3123 tectis.

150 3143 267 3220 iamque
290 3145 354 3204 lere
377 3145 468 3223 [sicco
491 3141 651 3206 subductae
671 3144 757 3207 litore
778 3163 892 3224 puppes
901 3143 924 3227 ;]

152 3226 275 3288 conubis
297 3231 431 3307 arvisque
448 3229 530 3289 novis
551 3238 670 3307 operata
691 3231 837 3302 iuventus,

150 3311 215 3369 iura
238 3312 399 3391 domosque
422 3311 542 3374 dabam:
564 3313 660 3374 subito
681 3333 749 3375 cum
770 3314 867 3376 tabhla
888 3311 1027 3375 membris

152 3396 292 3474 'corrupto
316 3395 389 3458 caeli
408 3404 504 3458 tractu
525 3399 749 3478 miserandaque
768 3401 846 3460 venit

151 3478 367 3557 arboribusque
391 3483 518 3560 satisque
539 3482 602 3544 lues
624 3490 653 3544 et
673 3483 769 3546 letilcr
790 3502 884 3545 annus
