2400 3878
132 197 191 259 151
462 206 605 254 vunnim
626 205 750 254 nnuma
773 206 827 253 1n1

84 328 87 333 Ι
128 364 205 425 illam
228 367 317 423 'lerna
338 379 460 439 parens,
483 362 527 420 ira
547 361 663 420 inritata
685 361 823 431 deorum,

129 455 304 513 extremam,
326 453 359 505 ut
380 442 550 520 perhibent,
574 442 650 504 Coeo
672 443 877 522 Enceladoque
897 461 1032 505 sororem

128 531 287 609 progenuit
307 526 432 605 pedibus
453 527 578 588 celerem
597 536 626 587 11
646 527 816 605 pernicibus
837 526 905 596 alis,
1101 539 1158 594 18⁰

128 619 292 675 monstrum
314 611 494 671 horrendum
515 611 631 687 ingens,
648 612 694 671 cui
716 618 788 688 quot
808 622 876 671 sunt
890 627 1016 688 corpore
1031 610 1158 690 plumae

127 706 172 757 tot
193 694 294 773 vigiles
316 693 392 755 oculi
415 703 516 771 supter
538 692 681 769 (mirabile
703 693 809 773 dictu),

127 788 171 841 tot
190 779 322 856 linguae,
344 777 466 837 totidem
486 795 537 836 ora
559 786 677 846 sonant,
700 785 744 836 tot
764 776 888 854 subrigit
906 778 994 838 auris.

128 870 215 925 nocte
238 860 316 922 volat
335 861 407 922 caeli
427 861 523 921 medio
544 868 699 938 terraeque
720 878 774 937 per
795 860 931 920 umbram

129 947 270 1014 stridens,
293 963 349 1006 nec
370 945 447 1005 dulci
467 944 593 1005 decimat
612 943 722 1004 lumina
742 962 861 1012 somno;
1101 953 1158 1010 18⁶

127 1030 194 1091 luce
216 1028 300 1089 sedet
319 1035 416 1088 custos
438 1037 488 1089 aut
507 1030 613 1088 summi
634 1028 761 1088 eulmine
781 1030 851 1088 tecti

128 1112 261 1175 turribus
282 1119 331 1172 aut
353 1112 431 1181 altis,
455 1120 485 1172 et
505 1128 625 1188 magnas
646 1113 760 1172 territat
777 1110 882 1180 urbes,

127 1205 188 1258 tam
209 1196 268 1256 licti
289 1197 428 1274 pravique
452 1202 538 1255 tenax
560 1213 647 1272 quam
668 1196 768 1255 nuntia
789 1196 859 1256 reri.

128 1281 202 1341 baec
221 1287 285 1339 tum
306 1278 457 1356 multiplici
478 1277 602 1356 populos
624 1295 760 1339 sermone
781 1277 915 1357 replebat

129 1363 260 1442 gaudens
279 1369 308 1424 et
328 1363 439 1440 pariter
461 1363 534 1423 iacta
561 1369 648 1440 atque
669 1362 774 1422 insecta
795 1360 932 1423 canebat:
1101 1369 1158 1426 1911

128 1447 242 1509 venisse
263 1448 381 1507 Aenean
400 1445 527 1507 Troiano
546 1448 686 1523 sanguine
707 1455 834 1515 cretum,

128 1533 176 1592 cui
196 1549 228 1591 se
249 1529 373 1608 pulchra
392 1531 454 1590 viro
477 1529 613 1608 dignetur
634 1531 755 1605 iungere
777 1529 866 1596 llido;

128 1632 207 1675 nunc
227 1614 354 1674 hiemem
376 1615 452 1674 inter
471 1632 504 1675 se
523 1614 609 1681 luxu,
635 1630 723 1691 quarn
745 1611 848 1689 longa,
871 1610 971 1672 lovere

128 1714 287 1776 regnorum
308 1698 486 1757 inmemores
507 1699 644 1775 turpique
665 1695 799 1775 cupidine
821 1702 931 1772 captos.

128 1781 202 1841 haec
222 1781 331 1856 passim
352 1780 405 1840 dea
426 1781 511 1840 loeda
534 1781 628 1839 virum
650 1779 785 1840 dillundit
806 1779 837 1838 in
860 1796 920 1838 ora.
1101 1788 1157 1845 111

128 1864 261 1945 protinus
284 1863 320 1923 ad
343 1881 443 1940 regem
466 1880 570 1922 cursus
589 1863 743 1939 detorquet
764 1862 883 1932 Iarban,

128 1945 316 2024 incenditque
339 1947 468 2005 animum
489 1946 573 2006 dictis
594 1953 681 2022 atque
703 1954 823 2025 aggerat
844 1946 912 2005 iras.

168 2029 223 2090 Hic
244 2030 406 2090 Hammone
425 2037 504 2090 satus
524 2039 607 2107 rapta
630 2029 835 2090 Garamantide
854 2025 982 2108 nympha

128 2111 235 2189 templa
258 2112 318 2173 lovi
340 2120 456 2173 centum
477 2112 689 2174 latisinmania
712 2115 826 2190 regnis,

128 2204 246 2257 centum
268 2213 333 2256 aras
353 2198 451 2275 posuit
470 2196 643 2275 vigilemque
664 2204 829 2258 sacraverat
842 2196 954 2274 ignem,

127 2279 265 2340 excubias
287 2279 383 2340 divom
403 2289 550 2348 aeternas,
574 2280 779 2357 pecudumque
798 2297 905 2340 cruore

127 2364 236 2441 pingue
258 2361 353 2423 solum
375 2372 404 2423 et
422 2365 507 2423 variis
525 2363 658 2424 llorentia
683 2364 781 2424 limina
803 2363 898 2424 sertis.

127 2447 210 2525 isque
230 2465 331 2508 amens
354 2447 442 2507 animi
463 2454 491 2508 et
511 2465 631 2509 rumore
654 2464 794 2508 accensus
816 2463 915 2506 amaro

128 2529 233 2591 dicitur
254 2538 320 2591 ante
343 2549 409 2592 aras
430 2532 526 2592 media
546 2533 623 2592 inter
644 2533 764 2591 numina
783 2529 879 2590 divom

127 2613 216 2674 multa
237 2613 335 2676 lovem
357 2615 491 2676 manibus
510 2614 633 2692 supplex
655 2632 754 2675 orasse
774 2614 899 2692 supinis:

127 2698 274 2775 ‘luppiter
292 2699 491 2776 omnipotens,
514 2699 560 2759 cui
581 2716 660 2759 nunc
681 2699 828 2758 lllaurusia
848 2696 933 2773 pictis

127 2798 199 2858 gens
223 2779 338 2856 epulata
363 2783 433 2841 toris
451 2781 599 2841 Lenaeum
617 2781 688 2841 libat
708 2781 865 2848 bonorem,

126 2864 231 2939 aspicis
252 2863 345 2923 111111
366 2881 403 2923 an
425 2869 469 2931 te,
492 2865 619 2938 genitor,
644 2881 711 2922 cum
733 2863 852 2924 lulmina
870 2870 1005 2941 torques.

126 2946 301 3022 nequiquam
322 2945 493 3014 horremus,
512 2946 650 3022 caecique
671 2947 701 3004 in
722 2946 849 3007 nubibus
869 2947 951 3023 ignes

125 3027 287 3088 terrificant
308 3029 420 3087 animos
439 3037 467 3087 et
487 3027 583 3087 inania
605 3045 756 3087 murmura
779 3030 918 3090 miscenti

126 3111 247 3179 lemine,
272 3128 346 3189 quae
366 3111 473 3170 nostris
495 3127 597 3171 errans
618 3111 774 3172 infinibus
795 3113 901 3174 urbem

126 3194 260 3270 exiguam
281 3194 374 3271 pretio
392 3195 504 3272 posuit,
530 3194 576 3254 cui
597 3191 665 3252 litus
683 3195 825 3255 arandum

127 3279 232 3355 cuique
253 3276 311 3338 loci
331 3276 412 3354 leges
435 3277 581 3346 dedimus,
606 3276 730 3337 conubia
751 3288 851 3340 nostra

125 3360 252 3439 reppulit
273 3378 307 3421 11
325 3360 474 3422 dominum
496 3362 613 3422 Aenean
633 3360 663 3418 in
684 3378 776 3438 regna
795 3363 916 3440 recepit.

126 3451 156 3506 11
175 3462 254 3506 nunc
275 3443 324 3505 ille
344 3444 426 3505 Paris
450 3463 517 3505 cum
539 3439 672 3505 semiviro
695 3445 849 3516 condictu,
