2454 3936
156 200 214 260 134
480 208 624 273 vnnarm
646 208 771 255 numnis
795 207 835 254 111

47 346 50 351 ⁵
151 367 322 425 intemerata
343 363 425 424 iocis.
469 363 599 440 perlecto
617 361 710 422 laetus
729 360 843 420 honore

151 447 296 508 Anchisen
317 447 392 508 iacio
414 454 527 508 certum
543 463 665 524 remque
686 443 788 504 ordine
804 444 910 522 pando.

141 531 288 610 ‚adgnovit
308 530 422 610 prolem
444 529 609 608 ambiguam
632 529 821 606 geminosque
843 536 979 605 parentes
1118 541 1167 595 180

151 633 241 695 seqre
262 633 337 686 novo
358 624 490 674 veterum
512 614 667 690 deceptum
689 629 791 672 errore
807 610 950 672 locorum.

151 706 213 759 tum
236 706 395 759 memorat:
417 707 517 767 mate,
540 695 634 757 Iliacis
652 697 779 756 exercite
796 696 876 764 latis,

151 781 212 842 sola
233 782 303 842 mihi
325 780 389 842 talis
412 799 496 842 casus
517 780 678 842 Cassandra
700 779 833 839 canebat.

151 884 230 926 nunc
251 876 352 943 repeto
374 865 447 926 haec
469 864 570 945 generi
591 863 768 940 portendere
790 861 887 923 debita
908 869 1008 922 nostro

152 959 181 1009 et
197 967 285 1026 saepe
305 950 489 1029 Hesperiam,
512 965 599 1024 saepe
620 947 690 1007 Itala
712 965 803 1024 regna
825 964 938 1006 vocare.
1116 957 1167 1012 185

151 1032 202 1092 sed
217 1035 281 1111 quis
298 1033 334 1092 ad
353 1032 512 1110 Hesperiae
533 1040 672 1092 venturos
692 1031 777 1090 litora
797 1028 928 1090 Teucros

152 1114 303 1176 crederet?
321 1124 371 1176 aut
392 1134 479 1194 quem
500 1123 562 1175 tum
584 1123 662 1174 vates
684 1113 844 1174 Cassandra
862 1115 1008 1174 moveret?

152 1199 290 1259 cedamus
312 1199 430 1259 Phoebo
454 1208 482 1259 et
501 1199 604 1259 moniti
625 1197 746 1258 meliora
766 1197 948 1275 sequamur.'

152 1285 193 1343 sic
216 1285 270 1351 ait,'
293 1298 321 1343 et
344 1284 440 1343 cuncti
462 1283 539 1342 dicto
561 1299 699 1361 paremus
721 1289 848 1342 ovantes.

151 1366 227 1427 hanc
250 1384 367 1445 quoque
387 1367 551 1427 deserimus
571 1366 687 1436 sedem,
709 1366 868 1443 paucisque
887 1363 996 1425 relictis
1117 1376 1167 1430 190

150 1450 213 1511 vela
235 1449 338 1511 damus
358 1459 529 1529 vastumque
551 1469 620 1512 cara
641 1448 725 1509 trabe
749 1451 894 1510 currimus
915 1466 1033 1527 aequor.

193 1535 351 1614 Postquam
372 1535 462 1595 altum
484 1544 607 1597 tenuere
628 1543 705 1594 rates
727 1552 782 1595 nec
803 1536 861 1593 iam
884 1532 1007 1609 amplius
1028 1531 1104 1594 ullae

152 1627 294 1695 apparent
313 1627 424 1687 terrae,
448 1619 561 1680 caelum
583 1618 712 1696 undique
733 1628 763 1678 et
781 1617 911 1694 undique
929 1624 1051 1694 pontus,

150 1709 212 1760 tum
235 1701 306 1760 mihi
327 1701 479 1762 caeruleus
499 1719 588 1779 supra
610 1709 697 1777 ceput
718 1702 806 1761 astitit
826 1698 921 1759 imber

151 1792 268 1843 noctem
289 1784 475 1861 hiememque
489 1786 601 1853 terens,
624 1791 653 1843 et
674 1782 821 1843 inhorruit
837 1783 914 1842 unda
933 1781 1072 1842 tenebris.
1117 1795 1167 1848 195

152 1869 289 1926 continuo
307 1869 385 1926 venti
408 1865 522 1925 volvont
542 1883 625 1925 mare
646 1881 810 1942 magnaque
832 1872 955 1941 surgunt

152 1968 294 2027 aequora,
318 1949 441 2026 dispersi
464 1949 605 2008 iactamur
629 1950 744 2027 gurgite
766 1956 861 2017 vasto,

119 2096 121 2099 ,
151 2031 299 2094 involvere
321 2033 398 2093 diem
421 2031 513 2092 nimbi
534 2039 563 2092 et
584 2050 643 2092 nox
664 2032 764 2092 umida
780 2030 893 2093 caelum

152 2115 284 2186 abstulit,
306 2118 486 2194 ingeminant
505 2116 637 2194 abruptis
658 2115 786 2176 nubibus
807 2117 899 2194 ignes.

152 2202 316 2261 excutimur
337 2217 440 2270 cursu,
468 2207 496 2260 et
515 2202 610 2261 caecis
632 2217 765 2260 erramus
786 2200 816 2260 in
840 2200 935 2260 undis.

152 2284 214 2362 ipse
236 2285 312 2344 diem
334 2291 509 2363 noctemque
531 2290 619 2361 negat
636 2284 804 2344 discernere
827 2282 906 2345 caelo

151 2385 207 2428 nec
228 2369 394 2428 meminisse
416 2368 478 2429 viae
499 2367 595 2428 media
617 2366 771 2427 Palinurus
792 2369 822 2427 in
844 2368 931 2428 unda.

151 2452 204 2511 tris
224 2451 298 2512 adeo
316 2453 444 2513 incertos
468 2471 553 2513 caeca
573 2450 697 2528 ealigine
718 2451 795 2512 soles

153 2553 285 2596 erramus
303 2535 422 2614 pelago,
442 2535 562 2597 totidem
584 2538 647 2597 sine
669 2536 765 2597 sidere
787 2543 897 2596 noctes.

152 2628 256 2698 quarto
277 2627 356 2680 terra
376 2619 422 2680 die
444 2621 572 2697 primum
593 2638 625 2682 se
645 2619 776 2682 attollere
794 2619 912 2680 tandem

151 2704 225 2772 visa,
248 2705 363 2780 aperire
384 2704 488 2781 procul
510 2707 616 2765 montis
638 2723 672 2765 ac
694 2704 810 2764 volvere
829 2704 951 2764 fumum.

152 2784 214 2844 vela
232 2787 354 2856 cadunt,
377 2789 466 2847 remis
487 2789 678 2865 insurgimus,
701 2788 772 2848 haut
793 2789 891 2856 mora,
909 2796 1014 2847 nautae

152 2867 249 2927 adnixi
268 2876 407 2947 torquent
424 2887 543 2948 spumas
565 2878 594 2930 et
616 2868 732 2932 caerula
753 2878 884 2930 verrunt.

151 2959 298 3011 servatum
316 2971 351 3012 ex
371 2951 457 3012 undis
479 2953 676 3031 Strophadum
697 2972 745 3013 me
767 2952 852 3014 litora
872 2955 1000 3031 primum

152 3036 308 3113 excipiunt.
354 3035 533 3113 Strophades
556 3036 643 3097 Graio
665 3045 742 3098 stant
763 3039 881 3098 nomine
903 3038 997 3099 dictae

152 3116 263 3178 insulae
281 3117 362 3180 lunio
382 3123 412 3180 in
433 3135 555 3198 magno,
579 3138 651 3200 quas
670 3120 733 3181 dira
754 3119 878 3182 Celaeno

151 3200 347 3282 harpyiaeque
369 3202 468 3264 colunt
490 3204 576 3275 aliae,
598 3205 718 3266 Phineia
739 3214 893 3284 postquam

152 3284 249 3345 clausa
267 3287 371 3348 domus
391 3305 564 3366 mensasque
586 3298 666 3349 metu
685 3288 797 3367 liquere
819 3291 943 3367 priores.

150 3369 260 3429 tristim
279 3370 349 3432 haut
365 3371 419 3432 illis
441 3382 619 3443 monstrum,
642 3391 697 3433 nec
719 3375 831 3432 saevior
853 3373 911 3433 ulla

151 3456 239 3530 pestis
262 3462 290 3514 et
311 3456 353 3515 ira
376 3456 463 3516 deum
485 3457 589 3536 Stygiis
610 3474 675 3518 sese
697 3455 798 3517 extulit
818 3457 913 3518 undis.
