2400 3878
409 195 551 242 vultuum
573 195 697 243 annuis
718 195 757 242 111

75 352 242 431 prodigium
264 351 340 411 canit
363 361 391 411 et
410 350 500 410 tristis
522 348 672 410 denuntiat
690 350 764 420 iras

45 506 47 510 ¹
76 435 291 511 obscenamque
314 434 429 512 famem)
451 452 525 512 quae
546 435 641 512 prima
665 432 794 510 pericula
816 433 892 493 ritol

78 518 181 597 quidve
203 535 328 596 sequens
346 526 441 577 tantos
462 518 571 594 possim
593 534 734 593 superare
756 515 905 577 laboresl'

77 603 123 662 hic
141 599 268 662 Helenus
291 604 382 662 caesis
403 602 532 679 primum
554 601 590 662 de
611 618 697 662 more
716 601 844 661 iuvencis

77 694 178 746 exorat
199 703 301 762 pacem
318 686 415 746 divom
435 686 577 762 vittasque
598 683 716 744 resolvit

75 770 181 829 sacrati
204 770 319 845 capitis,
342 786 448 847 meque
471 767 508 828 ad
529 775 579 829 tua
598 767 712 838 limina,
731 767 864 836 Phoebe,

75 852 138 930 ipse
159 871 248 912 manu
272 850 364 912 multo
385 869 560 929 suspensum
581 853 701 912 numine
722 851 815 922 ducit,

28 936 257 1020 thne,Mec
275 937 381 997 deinde
404 938 481 996 canit
501 936 596 997 divino
620 956 655 998 ex
677 954 728 996 ore
750 934 903 996 sacerdos:

77 1028 158 1080 ‘nate
181 1020 236 1080 dea
258 1019 334 1098 (nam
356 1028 385 1081 te
407 1016 566 1081 maioribus
587 1021 631 1081 ire
650 1038 704 1097 per
725 1019 817 1082 altum

76 1104 210 1182 auspiciis
233 1104 384 1164 manifesta
403 1104 490 1174 fides,
513 1106 555 1164 sic
573 1105 631 1165 iata
653 1105 740 1165 deum
759 1121 812 1164 rex

75 1188 196 1248 sortitur
217 1186 361 1265 volvitque
383 1189 478 1256 vices,
499 1190 524 1248 is
545 1189 667 1250 vertitur
689 1187 787 1267 ordo),

75 1288 166 1348 pauca
188 1269 241 1330 tibi
263 1290 280 1330 c
299 1270 409 1341 multis,
432 1290 489 1350 quo
510 1273 599 1333 tutior
620 1272 735 1350 hospita
756 1271 862 1332 lustres

76 1372 205 1431 aequora
224 1362 253 1413 ot
272 1353 400 1415 Ausonio
422 1357 515 1433 possis
538 1356 691 1417 considere
712 1364 816 1433 portu,

76 1437 229 1515 expediam
253 1437 351 1505 dictis;
375 1437 533 1515 prohibent
553 1456 621 1499 narn
640 1446 737 1499 cetera
759 1448 865 1515 parcae

76 1523 153 1581 scire
175 1520 319 1581 llelenum
338 1521 451 1598 iarique
472 1528 549 1580 vetat
568 1522 703 1582 Saturnia
723 1521 804 1581 luno.

75 1605 219 1682 principio
241 1602 368 1673 ltaliam,
398 1621 486 1681 quam
508 1612 540 1664 tu
558 1606 615 1664 iarn
637 1622 704 1665 rere
726 1606 920 1684 propinquam

75 1691 258 1767 vicinosque,
283 1690 398 1764 ignare,
421 1705 508 1765 paras
529 1688 665 1749 invadere
684 1697 803 1766 portus,

74 1771 162 1848 longa
180 1771 285 1850 procul
307 1771 401 1847 longis
426 1773 469 1831 ria
492 1772 590 1833 dividit
609 1773 684 1833 invia
706 1773 803 1832 terris.

75 1864 141 1917 ante
163 1865 191 1917 et
213 1855 364 1916 Trinacria
385 1853 539 1916 lentandus
559 1874 659 1917 remus
680 1856 710 1916 in
732 1855 810 1916 unda

75 1948 103 2001 et
125 1939 193 2000 salis
215 1941 334 2001 Ausonii
351 1937 535 2000 lustrandum
557 1940 679 2001 navibus
697 1957 808 2019 aequor

73 2025 239 2103 inlernique
256 2023 338 2085 lacus
357 2023 528 2103 Aeaeaeque
546 2023 641 2086 insula
664 2022 778 2093 Circae,

74 2127 160 2186 quam
183 2116 244 2169 tuta
264 2109 358 2186 possis
379 2106 485 2168 urbem
505 2126 683 2187 componere
700 2116 788 2169 terra.

73 2194 155 2268 signa
176 2191 228 2252 tibi
250 2192 359 2261 dicam,
380 2197 413 2252 tu
433 2192 551 2253 condita
571 2200 669 2253 mente
688 2199 801 2252 teneto:

74 2294 142 2336 cum
161 2275 214 2335 tibi
233 2274 355 2335 sollicito
377 2277 483 2336 secreti
505 2275 542 2337 ad
563 2275 691 2336 lluminis
713 2275 820 2336 undam

73 2357 184 2418 litoreis
206 2360 308 2435 iugens
329 2359 444 2419 inventa
466 2360 520 2420 sub
542 2358 657 2419 ilicibus
676 2377 725 2419 sus

74 2443 191 2519 triginta
210 2442 337 2518 capitum
352 2441 429 2501 fetus
450 2444 534 2502 enixa
551 2442 657 2502 iacebit

75 2524 155 2593 alba,
178 2520 241 2582 solo
258 2521 417 2591 recubans,
442 2523 501 2581 albi
522 2525 633 2583 circum
653 2523 746 2584 ubera
768 2529 840 2595 nati,

75 2609 98 2668 is
118 2607 202 2667 locus
224 2604 305 2666 urbis
327 2605 395 2674 erit,
418 2606 535 2682 requies
556 2623 589 2665 ea
612 2612 691 2665 certa
711 2606 854 2668 laborum.

74 2709 130 2752 nec
152 2700 184 2750 tu
205 2705 373 2749 mensarum
392 2704 509 2752 morsus
530 2688 670 2748 horresce
691 2690 822 2749 futuros:

74 2776 131 2835 iata
153 2774 229 2833 riam
246 2772 391 2832 invenient
413 2770 564 2850 aderitque
583 2778 702 2832 uocatus
723 2770 835 2850 Apollo.

74 2859 127 2919 has
149 2867 247 2918 autem
268 2864 363 2917 terras
379 2853 501 2933 italique
523 2856 600 2916 hanc
619 2855 711 2916 litoris
732 2873 830 2927 oram,

72 2943 205 3021 proxima
222 2960 297 3021 quac
313 2942 405 3001 nostri
424 2939 609 3016 perfunditur
629 2941 764 3019 aequoris
786 2948 868 3002 aestu

74 3026 184 3102 effuge:
207 3031 312 3086 cuncta
332 3025 415 3085 melis
437 3023 604 3086 habitantur
627 3026 741 3085 moenia
763 3025 856 3087 Grais.

71 3108 170 3170 hicet
190 3107 306 3188 Narycii
327 3115 488 3186 posuerunt
508 3110 623 3170 moenia
645 3108 732 3168 Locri

73 3202 103 3255 et
123 3191 297 3257 Sallentinos
314 3192 429 3253 obsedit
450 3192 539 3252 milite
562 3209 680 3268 campos

74 3277 189 3356 Lyctius
210 3277 398 3346 idomeneus,
420 3276 469 3336 hic
486 3275 534 3336 illa
557 3277 639 3336 ducis
661 3275 796 3335 Meliboei

73 3378 162 3438 parva
183 3360 360 3422 Philoctetae
381 3360 505 3420 subnixa
526 3359 634 3423 PeteHa
656 3376 751 3418 muro.

74 3446 144 3521 quin
166 3444 217 3504 ubi
237 3445 423 3505 transmissae
440 3444 573 3504 steterint
594 3453 676 3504 trans
698 3460 826 3521 aequora
848 3441 971 3513 classes,
