2400 3878
408 226 550 275 vunornr
572 226 695 276 suums
709 228 745 274 rx
962 268 965 274 .
1021 215 1083 280 26⁷

78 383 208 459 deutera,
231 379 308 459 quod
327 398 471 460 nequeam
491 380 636 442 lacrumas
654 381 789 460 perterre
811 385 939 461 parentis

81 474 110 526 at
131 472 172 534 tu,
195 482 257 532 oro,
281 463 375 524 solare
396 467 516 543 inopem
537 473 565 525 et
585 483 727 526 succurre
745 466 889 528 relictae«
1033 476 1085 529 290

77 549 154 610 hanc
176 549 237 608 siue
256 565 304 609 mo
323 565 405 625 spem
426 549 505 609 terre
526 551 582 609 tui:
606 548 758 610 audentior
779 550 828 610 ibo

77 633 107 692 in
130 649 214 693 casus
238 630 352 691 omnis!
380 649 521 709 percussa
540 639 638 694 mente
660 632 768 694 dedere

77 714 260 776 Dardanidae
281 713 434 784 lacrimas:
458 723 524 775 ante
547 717 641 776 omnis
662 714 787 793 pulcher
809 715 896 787 lulus,

77 807 165 878 atque
183 799 312 858 animum
334 800 446 875 patriae
467 799 582 859 strinxit
602 801 717 877 pietatis
739 801 845 877 imago.
884 841 891 850 -

77 890 139 942 tum
158 883 200 943 sic
221 881 341 942 edatur:
729 941 731 943 ,

77 964 207 1043 ‘sponde
229 964 315 1042 digna
332 966 389 1026 tuis
411 965 578 1043 ingentibus
597 967 694 1026 omnia
712 968 832 1045 coeptis.

77 1066 203 1127 namque
226 1049 280 1109 erit
300 1050 353 1109 ista
375 1047 447 1108 mihi
469 1050 601 1127 genetrix
622 1066 789 1128 nomenque
811 1051 938 1112 Creusae

77 1131 171 1193 solum
193 1131 329 1201 defuerit,
353 1148 408 1193 neo
429 1140 546 1211 partum
565 1134 658 1211 gratia
679 1133 765 1195 talem

77 1233 166 1293 parva
185 1223 292 1276 manet.
326 1233 411 1277 casus
434 1216 543 1278 lactum
566 1218 742 1296 quicumque
764 1227 947 1296 sequentum

76 1317 130 1377 per
150 1306 237 1376 caput
257 1299 313 1360 hoc
334 1301 409 1369 iuro,
433 1317 486 1378 per
506 1300 585 1381 quod
605 1309 688 1379 pater
710 1309 777 1362 ante
797 1301 923 1362 solebat:
955 1326 957 1329 ·
1035 1311 1086 1362 300

78 1401 153 1462 quae
173 1382 226 1443 tibi
243 1382 384 1460 polliceor
402 1383 505 1444 reduci
522 1384 671 1462 rebusque
693 1384 838 1455 secundis,
1088 1382 1090 1385 ’

75 1465 152 1527 haec
175 1466 277 1527 eadem
300 1467 444 1545 matrique
465 1475 534 1527 tuae
555 1468 715 1544 generique
736 1467 915 1527 manebunt'

76 1551 119 1611 sic
139 1551 178 1611 ait
199 1548 401 1618 inlacrimans;
426 1566 529 1610 umero
549 1548 635 1610 simul
658 1551 737 1610 exuit
760 1567 859 1611 ensem

77 1640 220 1704 auratum,
242 1635 316 1693 mira
338 1647 425 1710 quem
448 1632 558 1694 lecerat
581 1639 643 1693 arte
666 1633 782 1712 Lycaon

77 1719 204 1780 Gnosius
223 1725 310 1797 atque
331 1715 459 1777 habilem
479 1717 580 1794 vagina
600 1723 713 1795 aptarat
732 1715 852 1776 eburna.

77 1801 125 1861 dat
148 1801 217 1862 Niso
237 1800 405 1861 Mnestheus
426 1799 533 1881 pellem
553 1800 759 1880 horrentisque
781 1798 873 1861 leonis

77 1885 209 1953 exuvias;
232 1884 344 1962 galeam
364 1884 440 1947 lidus
461 1890 608 1963 permutat
627 1884 733 1946 Aletes.

77 1967 209 2047 protinus
230 1970 333 2028 armati
354 1968 510 2037 incedunt:
533 1986 607 2047 quos
630 1969 723 2029 omnis
746 1968 840 2029 euntis

76 2051 241 2130 primorum
259 2069 363 2113 manus
385 2052 421 2112 ad
443 2058 542 2131 portas
564 2054 761 2131 iuvenumque
782 2069 945 2130 senumque

76 2137 264 2214 prosequitur
286 2138 368 2196 rotis.
402 2152 456 2197 neo
476 2153 537 2196 non
559 2144 586 2196 et
608 2135 731 2215 pulcher
750 2133 839 2201 Iulus,

79 2227 145 2279 ante
166 2236 258 2279 annos
279 2220 468 2298 animumque
492 2236 599 2296 gerens
621 2236 782 2297 curamque
803 2217 924 2286 virilem,

78 2300 169 2362 multa
191 2304 269 2380 patri
290 2302 426 2363 mandata
448 2302 535 2363 dabat
555 2302 714 2380 portanda:
737 2301 789 2363 sed
809 2318 920 2361 auraes

79 2386 175 2445 omnia
193 2383 362 2460 discerpunt
384 2395 413 2445 et
434 2384 562 2445 nubibus
583 2387 669 2445 inrita
689 2383 807 2444 donant.

121 2467 238 2545 Egressi
260 2474 400 2542 superant
421 2468 515 2526 fossas
537 2469 690 2544 noctisque
710 2484 764 2543 per
784 2464 919 2526 umbram

79 2560 174 2613 castra
196 2549 313 2609 inimica
336 2557 447 2626 petunt,
470 2547 568 2609 multis
590 2557 688 2609 tamen
709 2556 776 2608 ante
798 2548 888 2608 futuri

79 2636 174 2698 exitio.
207 2633 315 2710 passim
337 2649 440 2692 somno
463 2633 589 2708 vinoque
608 2649 662 2708 per
682 2630 805 2692 herbam

80 2716 288 2797 corporatum
311 2715 416 2785 vident,
440 2720 570 2776 arrectos
592 2713 677 2775 litore
699 2731 812 2783 currus,

79 2806 155 2864 inter
178 2802 240 2862 lora
263 2808 401 2878 rotasque
422 2800 508 2868 viros,
531 2798 618 2860 simul
639 2816 721 2859 arma
742 2799 848 2867 iacere,

79 2888 143 2946 rina
165 2888 261 2946 simul.
290 2885 372 2963 prior
396 2882 567 2963 llyrtacides
587 2884 629 2944 sic
651 2900 703 2944 ore
724 2881 855 2943 locutus:

80 2969 230 3047 ‘Emyale
254 2968 421 3030 audendum
443 2968 559 3037 dextra:
582 2985 661 3029 nunc
681 2968 744 3047 ipsa
766 2974 848 3028 vocat
870 2983 925 3026 res.

79 3053 135 3112 hac
156 3055 212 3112 iter
235 3063 287 3114 est.
321 3062 361 3124 tu,
384 3071 421 3114 ne
444 3071 501 3132 qua
520 3070 624 3114 manus
645 3070 677 3113 se
699 3051 831 3113 attollere
852 3049 937 3111 nobis

80 3155 97 3195 a
119 3145 202 3212 tergo
222 3139 321 3215 possit
347 3137 507 3198 custodiet
530 3136 649 3198 consule
670 3134 773 3214 longe;

79 3218 153 3278 haec
176 3236 229 3295 ego
249 3228 329 3280 rasta
350 3220 425 3280 dabo
448 3226 477 3281 et
493 3219 551 3280 lato
574 3230 602 3281 te
622 3219 712 3279 limite
733 3220 847 3280 ducam.

79 3302 121 3361 sic
142 3309 286 3361 memorat
306 3321 466 3381 vocemque
488 3304 608 3382 premit;
631 3300 716 3362 simul
739 3318 808 3361 ense
827 3297 986 3377 superbum

80 3384 271 3445 Rhamnetem
293 3385 473 3463 adgreditur,
497 3387 546 3464 qui
568 3385 649 3445 iorte'
665 3383 810 3462 tapetibus
829 3382 894 3444 altis
1037 3388 1087 3438 eto

82 3473 231 3529 extructus
252 3475 313 3528 toto
335 3468 479 3547 proflabat
500 3475 620 3546 pectore
642 3483 785 3531 somnum.
