<?xml version="1.0" encoding="UTF-8"?>
<!DOCTYPE html PUBLIC "-//W3C//DTD XHTML 1.0 Transitional//EN"
    "http://www.w3.org/TR/xhtml1/DTD/xhtml1-transitional.dtd">
<html xmlns="http://www.w3.org/1999/xhtml" xml:lang="en" lang="en">
 <head>
  <title>
</title>
<meta http-equiv="Content-Type" content="text/html;charset=utf-8" />
  <meta name='ocr-system' content='tesseract 3.04.00' />
  <meta name='ocr-capabilities' content='ocr_page ocr_carea ocr_par ocr_line ocrx_word'/>
</head>
<body>
  <div class='ocr_page' id='page_1' title='image "./operainusumscho00virggoog_0177.png"; bbox 0 0 2400 3878; ppageno 0'>
   <div class='ocr_carea' id='block_1_1' title="bbox 403 182 751 231">
    <p class='ocr_par' dir='ltr' id='par_1_1' title="bbox 403 182 751 231">
     <span class='ocr_line' id='line_1_1' title="bbox 403 182 751 231; baseline 0.009 -3"><span class='ocrx_word' id='word_1_1' title='bbox 403 182 544 230; x_wconf 76' lang='lat' dir='ltr'><strong>vnnsun</strong></span> <span class='ocrx_word' id='word_1_2' title='bbox 566 182 751 231; x_wconf 56' lang='lat' dir='ltr'><strong>annmsaeul</strong></span> 
     </span>
    </p>
   </div>
   <div class='ocr_carea' id='block_1_2' title="bbox 68 335 1084 752">
    <p class='ocr_par' dir='ltr' id='par_1_2' title="bbox 68 335 1084 752">
     <span class='ocr_line' id='line_1_2' title="bbox 68 335 851 418; baseline 0 -18"><span class='ocrx_word' id='word_1_3' title='bbox 68 341 202 418; x_wconf 87' lang='lat' dir='ltr'><strong>protinus</strong></span> <span class='ocrx_word' id='word_1_4' title='bbox 224 340 318 400; x_wconf 78' lang='lat' dir='ltr'><strong>aerias</strong></span> <span class='ocrx_word' id='word_1_5' title='bbox 340 338 505 398; x_wconf 90' lang='lat' dir='ltr'><strong>Phaeacum</strong></span> <span class='ocrx_word' id='word_1_6' title='bbox 527 335 733 399; x_wconf 81' lang='lat' dir='ltr'><strong>abscondimus</strong></span> <span class='ocrx_word' id='word_1_7' title='bbox 754 357 851 408; x_wconf 82' lang='lat' dir='ltr'><strong>arces,</strong></span> 
     </span>
     <span class='ocr_line' id='line_1_3' title="bbox 69 421 770 502; baseline -0.001 -18"><span class='ocrx_word' id='word_1_8' title='bbox 69 423 212 502; x_wconf 79' lang='lat' dir='ltr'>litoraque</span> <span class='ocrx_word' id='word_1_9' title='bbox 229 423 309 501; x_wconf 86' lang='lat' dir='ltr'><strong>Epiri</strong></span> <span class='ocrx_word' id='word_1_10' title='bbox 330 421 453 499; x_wconf 82' lang='lat' dir='ltr'><strong>legimus</strong></span> <span class='ocrx_word' id='word_1_11' title='bbox 470 428 617 500; x_wconf 91' lang='lat' dir='ltr'><strong>portuque</strong></span> <span class='ocrx_word' id='word_1_12' title='bbox 639 422 770 483; x_wconf 81' lang='lat' dir='ltr'>subimus</span> 
     </span>
     <span class='ocr_line' id='line_1_4' title="bbox 69 505 853 568; baseline -0.004 0"><span class='ocrx_word' id='word_1_13' title='bbox 69 507 197 568; x_wconf 90' lang='lat' dir='ltr'><strong>Chaonio</strong></span> <span class='ocrx_word' id='word_1_14' title='bbox 221 514 249 568; x_wconf 91' lang='lat' dir='ltr'><strong>et</strong></span> <span class='ocrx_word' id='word_1_15' title='bbox 268 506 374 567; x_wconf 88' lang='lat' dir='ltr'><strong>celsam</strong></span> <span class='ocrx_word' id='word_1_16' title='bbox 396 506 531 567; x_wconf 76' lang='lat' dir='ltr'>Buthroti</span> <span class='ocrx_word' id='word_1_17' title='bbox 552 505 718 567; x_wconf 84' lang='lat' dir='ltr'><strong>accedimus</strong></span> <span class='ocrx_word' id='word_1_18' title='bbox 739 505 853 568; x_wconf 91' lang='lat' dir='ltr'><strong>urbem.</strong></span> 
     </span>
     <span class='ocr_line' id='line_1_5' title="bbox 111 589 833 669; baseline 0 -19"><span class='ocrx_word' id='word_1_19' title='bbox 111 590 165 651; x_wconf 93' lang='lat' dir='ltr'><strong>llic</strong></span> <span class='ocrx_word' id='word_1_20' title='bbox 182 589 361 654; x_wconf 89' lang='lat' dir='ltr'><strong>incredibilis</strong></span> <span class='ocrx_word' id='word_1_21' title='bbox 383 607 484 650; x_wconf 92' lang='lat' dir='ltr'><strong>rerum</strong></span> <span class='ocrx_word' id='word_1_22' title='bbox 503 590 579 650; x_wconf 90' lang='lat' dir='ltr'><strong>lama</strong></span> <span class='ocrx_word' id='word_1_23' title='bbox 599 597 724 669; x_wconf 91' lang='lat' dir='ltr'><strong>occupat</strong></span> <span class='ocrx_word' id='word_1_24' title='bbox 741 591 833 661; x_wconf 85' lang='lat' dir='ltr'><strong>auris,</strong></span> 
     </span>
     <span class='ocr_line' id='line_1_6' title="bbox 70 673 1084 752; baseline 0.001 -18"><span class='ocrx_word' id='word_1_25' title='bbox 70 674 234 735; x_wconf 84' lang='lat' dir='ltr'><strong>Priamiden</strong></span> <span class='ocrx_word' id='word_1_26' title='bbox 256 673 399 735; x_wconf 89' lang='lat' dir='ltr'><strong>Helenum</strong></span> <span class='ocrx_word' id='word_1_27' title='bbox 421 674 521 736; x_wconf 89' lang='lat' dir='ltr'><strong>Graias</strong></span> <span class='ocrx_word' id='word_1_28' title='bbox 543 690 670 750; x_wconf 82' lang='lat' dir='ltr'><strong>regnare</strong></span> <span class='ocrx_word' id='word_1_29' title='bbox 690 691 744 752; x_wconf 91' lang='lat' dir='ltr'><strong>por</strong></span> <span class='ocrx_word' id='word_1_30' title='bbox 764 673 868 744; x_wconf 87' lang='lat' dir='ltr'><strong>urbes,</strong></span> <span class='ocrx_word' id='word_1_31' title='bbox 1034 686 1084 742; x_wconf 74' lang='lat' dir='ltr'><strong>nee</strong></span> 
     </span>
    </p>
   </div>
   <div class='ocr_carea' id='block_1_3' title="bbox 63 758 1123 3515">
    <p class='ocr_par' dir='ltr' id='par_1_3' title="bbox 69 758 861 838">
     <span class='ocr_line' id='line_1_7' title="bbox 69 758 861 838; baseline 0 -19"><span class='ocrx_word' id='word_1_32' title='bbox 69 760 205 835; x_wconf 85' lang='lat' dir='ltr'><strong>coniugio</strong></span> <span class='ocrx_word' id='word_1_33' title='bbox 227 758 370 819; x_wconf 76' lang='lat' dir='ltr'><strong>heacidae</strong></span> <span class='ocrx_word' id='word_1_34' title='bbox 391 758 494 837; x_wconf 78' lang='lat' dir='ltr'><strong>Pyrrhi</strong></span> <span class='ocrx_word' id='word_1_35' title='bbox 516 758 697 838; x_wconf 82' lang='lat' dir='ltr'><strong>sceptrisque</strong></span> <span class='ocrx_word' id='word_1_36' title='bbox 723 759 861 837; x_wconf 78' lang='lat' dir='ltr'><strong>petitum,</strong></span> 
     </span>
    </p>

    <p class='ocr_par' dir='ltr' id='par_1_4' title="bbox 69 842 858 921">
     <span class='ocr_line' id='line_1_8' title="bbox 69 842 858 921; baseline 0 -18"><span class='ocrx_word' id='word_1_37' title='bbox 69 850 97 903; x_wconf 92' lang='lat' dir='ltr'><strong>et</strong></span> <span class='ocrx_word' id='word_1_38' title='bbox 119 843 212 921; x_wconf 93' lang='lat' dir='ltr'><strong>patrio</strong></span> <span class='ocrx_word' id='word_1_39' title='bbox 234 842 458 903; x_wconf 74' lang='lat' dir='ltr'><strong>Andromachen</strong></span> <span class='ocrx_word' id='word_1_40' title='bbox 478 843 584 911; x_wconf 88' lang='lat' dir='ltr'><strong>iterum</strong></span> <span class='ocrx_word' id='word_1_41' title='bbox 606 844 728 904; x_wconf 84' lang='lat' dir='ltr'><strong>cessisse</strong></span> <span class='ocrx_word' id='word_1_42' title='bbox 745 844 858 903; x_wconf 89' lang='lat' dir='ltr'><strong>marito.</strong></span> 
     </span>
    </p>

    <p class='ocr_par' dir='ltr' id='par_1_5' title="bbox 70 926 782 1005">
     <span class='ocr_line' id='line_1_9' title="bbox 70 926 782 1005; baseline 0.001 -19"><span class='ocrx_word' id='word_1_43' title='bbox 70 926 213 1005; x_wconf 89' lang='lat' dir='ltr'><strong>opstipui,</strong></span> <span class='ocrx_word' id='word_1_44' title='bbox 236 928 370 1005; x_wconf 88' lang='lat' dir='ltr'><strong>miroque</strong></span> <span class='ocrx_word' id='word_1_45' title='bbox 390 927 542 987; x_wconf 91' lang='lat' dir='ltr'><strong>incensum</strong></span> <span class='ocrx_word' id='word_1_46' title='bbox 562 935 665 1005; x_wconf 91' lang='lat' dir='ltr'><strong>pectus</strong></span> <span class='ocrx_word' id='word_1_47' title='bbox 682 945 782 987; x_wconf 91' lang='lat' dir='ltr'><strong>amore</strong></span> 
     </span>
    </p>

    <p class='ocr_par' dir='ltr' id='par_1_6' title="bbox 68 1009 1123 1256">
     <span class='ocr_line' id='line_1_10' title="bbox 70 1009 1020 1098; baseline -0.001 -28"><span class='ocrx_word' id='word_1_48' title='bbox 70 1009 246 1088; x_wconf 88' lang='lat' dir='ltr'><strong>compellare</strong></span> <span class='ocrx_word' id='word_1_49' title='bbox 266 1012 362 1072; x_wconf 81' lang='lat' dir='ltr'><strong>virum</strong></span> <span class='ocrx_word' id='word_1_50' title='bbox 385 1018 413 1072; x_wconf 85' lang='lat' dir='ltr'><strong>el</strong></span> <span class='ocrx_word' id='word_1_51' title='bbox 435 1029 519 1071; x_wconf 89' lang='lat' dir='ltr'><strong>casus</strong></span> <span class='ocrx_word' id='word_1_52' title='bbox 541 1027 719 1087; x_wconf 83' lang='lat' dir='ltr'><strong>cognoscere</strong></span> <span class='ocrx_word' id='word_1_53' title='bbox 741 1017 1020 1098; x_wconf 53' lang='lat' dir='ltr'><strong>lisslQs‘ss</strong></span> 
     </span>
     <span class='ocr_line' id='line_1_11' title="bbox 68 1091 1123 1173; baseline 0.005 -20"><span class='ocrx_word' id='word_1_54' title='bbox 68 1094 242 1172; x_wconf 87' lang='lat' dir='ltr'><strong>progredior</strong></span> <span class='ocrx_word' id='word_1_55' title='bbox 264 1106 351 1172; x_wconf 88' lang='lat' dir='ltr'><strong>portu</strong></span> <span class='ocrx_word' id='word_1_56' title='bbox 370 1093 476 1155; x_wconf 90' lang='lat' dir='ltr'><strong>classes</strong></span> <span class='ocrx_word' id='word_1_57' title='bbox 498 1102 526 1155; x_wconf 93' lang='lat' dir='ltr'><strong>et</strong></span> <span class='ocrx_word' id='word_1_58' title='bbox 547 1092 631 1154; x_wconf 87' lang='lat' dir='ltr'><strong>litora</strong></span> <span class='ocrx_word' id='word_1_59' title='bbox 653 1094 802 1173; x_wconf 85' lang='lat' dir='ltr'><strong>linquens:</strong></span> <span class='ocrx_word' id='word_1_60' title='bbox 1035 1091 1123 1158; x_wconf 66' lang='grc' dir='ltr'><strong>ῖθῑΓ</strong></span> 
     </span>
     <span class='ocr_line' id='line_1_12' title="bbox 69 1177 775 1256; baseline 0.006 -20"><span class='ocrx_word' id='word_1_61' title='bbox 69 1177 216 1238; x_wconf 91' lang='lat' dir='ltr'><strong>sollemnis</strong></span> <span class='ocrx_word' id='word_1_62' title='bbox 240 1197 306 1239; x_wconf 92' lang='lat' dir='ltr'><strong>cum</strong></span> <span class='ocrx_word' id='word_1_63' title='bbox 329 1179 404 1239; x_wconf 86' lang='lat' dir='ltr'><strong>iorte</strong></span> <span class='ocrx_word' id='word_1_64' title='bbox 426 1179 515 1256; x_wconf 90' lang='lat' dir='ltr'><strong>dapes</strong></span> <span class='ocrx_word' id='word_1_65' title='bbox 536 1188 564 1238; x_wconf 90' lang='lat' dir='ltr'><strong>et</strong></span> <span class='ocrx_word' id='word_1_66' title='bbox 586 1180 678 1239; x_wconf 87' lang='lat' dir='ltr'><strong>tristia</strong></span> <span class='ocrx_word' id='word_1_67' title='bbox 699 1179 775 1240; x_wconf 92' lang='lat' dir='ltr'><strong>dona</strong></span> 
     </span>
    </p>

    <p class='ocr_par' dir='ltr' id='par_1_7' title="bbox 70 1261 849 1324">
     <span class='ocr_line' id='line_1_13' title="bbox 70 1261 849 1324; baseline 0.003 -4"><span class='ocrx_word' id='word_1_68' title='bbox 70 1272 135 1322; x_wconf 88' lang='lat' dir='ltr'><strong>ante</strong></span> <span class='ocrx_word' id='word_1_69' title='bbox 156 1261 262 1322; x_wconf 92' lang='lat' dir='ltr'><strong>urbem</strong></span> <span class='ocrx_word' id='word_1_70' title='bbox 283 1264 313 1321; x_wconf 94' lang='lat' dir='ltr'><strong>in</strong></span> <span class='ocrx_word' id='word_1_71' title='bbox 335 1261 401 1323; x_wconf 91' lang='lat' dir='ltr'><strong>luco</strong></span> <span class='ocrx_word' id='word_1_72' title='bbox 423 1261 487 1322; x_wconf 88' lang='lat' dir='ltr'><strong>ialsi</strong></span> <span class='ocrx_word' id='word_1_73' title='bbox 506 1263 663 1323; x_wconf 81' lang='lat' dir='ltr'><strong>Simoentis</strong></span> <span class='ocrx_word' id='word_1_74' title='bbox 683 1263 719 1323; x_wconf 90' lang='lat' dir='ltr'><strong>ad</strong></span> <span class='ocrx_word' id='word_1_75' title='bbox 740 1262 849 1324; x_wconf 87' lang='lat' dir='ltr'><strong>undam</strong></span> 
     </span>
    </p>

    <p class='ocr_par' dir='ltr' id='par_1_8' title="bbox 69 1344 834 1424">
     <span class='ocr_line' id='line_1_14' title="bbox 69 1344 834 1424; baseline 0.003 -21"><span class='ocrx_word' id='word_1_76' title='bbox 69 1344 178 1404; x_wconf 87' lang='lat' dir='ltr'><strong>libabat</strong></span> <span class='ocrx_word' id='word_1_77' title='bbox 200 1347 292 1405; x_wconf 90' lang='lat' dir='ltr'><strong>cineri</strong></span> <span class='ocrx_word' id='word_1_78' title='bbox 314 1346 519 1407; x_wconf 78' lang='lat' dir='ltr'><strong>Andromache</strong></span> <span class='ocrx_word' id='word_1_79' title='bbox 539 1348 691 1424; x_wconf 88' lang='lat' dir='ltr'><strong>manisque</strong></span> <span class='ocrx_word' id='word_1_80' title='bbox 712 1346 834 1407; x_wconf 89' lang='lat' dir='ltr'><strong>vocabat</strong></span> 
     </span>
    </p>

    <p class='ocr_par' dir='ltr' id='par_1_9' title="bbox 69 1427 984 1508">
     <span class='ocr_line' id='line_1_15' title="bbox 69 1427 984 1508; baseline -0.001 -20"><span class='ocrx_word' id='word_1_81' title='bbox 69 1428 247 1488; x_wconf 84' lang='lat' dir='ltr'><strong>Hectoreum</strong></span> <span class='ocrx_word' id='word_1_82' title='bbox 270 1429 306 1489; x_wconf 91' lang='lat' dir='ltr'><strong>ad</strong></span> <span class='ocrx_word' id='word_1_83' title='bbox 327 1427 486 1498; x_wconf 92' lang='lat' dir='ltr'><strong>tumulum,</strong></span> <span class='ocrx_word' id='word_1_84' title='bbox 508 1429 591 1490; x_wconf 88' lang='lat' dir='ltr'><strong>viridi</strong></span> <span class='ocrx_word' id='word_1_85' title='bbox 614 1447 701 1508; x_wconf 90' lang='lat' dir='ltr'><strong>quem</strong></span> <span class='ocrx_word' id='word_1_86' title='bbox 726 1431 853 1506; x_wconf 89' lang='lat' dir='ltr'><strong>caespite</strong></span> <span class='ocrx_word' id='word_1_87' title='bbox 867 1430 984 1488; x_wconf 90' lang='lat' dir='ltr'><strong>inanem</strong></span> 
     </span>
    </p>

    <p class='ocr_par' dir='ltr' id='par_1_10' title="bbox 70 1509 1087 1673">
     <span class='ocr_line' id='line_1_16' title="bbox 70 1509 1087 1589; baseline 0.004 -18"><span class='ocrx_word' id='word_1_88' title='bbox 70 1519 99 1572; x_wconf 91' lang='lat' dir='ltr'><strong>et</strong></span> <span class='ocrx_word' id='word_1_89' title='bbox 117 1513 262 1589; x_wconf 85' lang='lat' dir='ltr'><strong>geminas,</strong></span> <span class='ocrx_word' id='word_1_90' title='bbox 285 1529 403 1572; x_wconf 89' lang='lat' dir='ltr'><strong>causam</strong></span> <span class='ocrx_word' id='word_1_91' title='bbox 418 1509 560 1580; x_wconf 88' lang='lat' dir='ltr'><strong>lacrimis,</strong></span> <span class='ocrx_word' id='word_1_92' title='bbox 583 1520 749 1572; x_wconf 88' lang='lat' dir='ltr'><strong>sacraverat</strong></span> <span class='ocrx_word' id='word_1_93' title='bbox 767 1530 841 1572; x_wconf 86' lang='lat' dir='ltr'><strong>aras.</strong></span> <span class='ocrx_word' id='word_1_94' title='bbox 1036 1522 1087 1575; x_wconf 75' lang='lat'><strong>³05</strong></span> 
     </span>
     <span class='ocr_line' id='line_1_17' title="bbox 70 1593 818 1673; baseline -0.001 -18"><span class='ocrx_word' id='word_1_95' title='bbox 70 1603 102 1655; x_wconf 92' lang='lat' dir='ltr'><strong>ut</strong></span> <span class='ocrx_word' id='word_1_96' title='bbox 124 1614 171 1655; x_wconf 90' lang='lat' dir='ltr'><strong>me</strong></span> <span class='ocrx_word' id='word_1_97' title='bbox 194 1595 344 1673; x_wconf 88' lang='lat' dir='ltr'><strong>conspexit</strong></span> <span class='ocrx_word' id='word_1_98' title='bbox 366 1595 528 1655; x_wconf 88' lang='lat' dir='ltr'><strong>venientem</strong></span> <span class='ocrx_word' id='word_1_99' title='bbox 550 1602 579 1655; x_wconf 92' lang='lat' dir='ltr'><strong>et</strong></span> <span class='ocrx_word' id='word_1_100' title='bbox 601 1593 688 1655; x_wconf 83' lang='lat' dir='ltr'><strong>Troia</strong></span> <span class='ocrx_word' id='word_1_101' title='bbox 709 1596 818 1655; x_wconf 90' lang='lat' dir='ltr'><strong>circum</strong></span> 
     </span>
    </p>

    <p class='ocr_par' dir='ltr' id='par_1_11' title="bbox 70 1679 827 1755">
     <span class='ocr_line' id='line_1_18' title="bbox 70 1679 827 1755; baseline 0 -17"><span class='ocrx_word' id='word_1_102' title='bbox 70 1697 150 1739; x_wconf 88' lang='lat' dir='ltr'><strong>arma</strong></span> <span class='ocrx_word' id='word_1_103' title='bbox 169 1696 270 1740; x_wconf 92' lang='lat' dir='ltr'><strong>amens</strong></span> <span class='ocrx_word' id='word_1_104' title='bbox 289 1679 373 1749; x_wconf 88' lang='lat' dir='ltr'><strong>vidit,</strong></span> <span class='ocrx_word' id='word_1_105' title='bbox 395 1679 508 1755; x_wconf 81' lang='lat' dir='ltr'><strong>maguis</strong></span> <span class='ocrx_word' id='word_1_106' title='bbox 530 1680 668 1748; x_wconf 87' lang='lat' dir='ltr'><strong>exterrita</strong></span> <span class='ocrx_word' id='word_1_107' title='bbox 689 1679 827 1738; x_wconf 90' lang='lat' dir='ltr'><strong>monstris</strong></span> 
     </span>
    </p>

    <p class='ocr_par' dir='ltr' id='par_1_12' title="bbox 70 1760 812 1840">
     <span class='ocr_line' id='line_1_19' title="bbox 70 1760 812 1840; baseline -0.003 -17"><span class='ocrx_word' id='word_1_108' title='bbox 70 1763 197 1839; x_wconf 82' lang='lat' dir='ltr'><strong>deriguit</strong></span> <span class='ocrx_word' id='word_1_109' title='bbox 219 1763 281 1823; x_wconf 85' lang='lat' dir='ltr'><strong>visu</strong></span> <span class='ocrx_word' id='word_1_110' title='bbox 301 1763 331 1822; x_wconf 95' lang='lat' dir='ltr'><strong>in</strong></span> <span class='ocrx_word' id='word_1_111' title='bbox 351 1763 464 1833; x_wconf 89' lang='lat' dir='ltr'><strong>medio,</strong></span> <span class='ocrx_word' id='word_1_112' title='bbox 491 1760 570 1823; x_wconf 93' lang='lat' dir='ltr'><strong>calor</strong></span> <span class='ocrx_word' id='word_1_113' title='bbox 593 1780 659 1823; x_wconf 91' lang='lat' dir='ltr'><strong>ossa</strong></span> <span class='ocrx_word' id='word_1_114' title='bbox 682 1761 812 1840; x_wconf 92' lang='lat' dir='ltr'><strong>reliquit,</strong></span> 
     </span>
    </p>

    <p class='ocr_par' dir='ltr' id='par_1_13' title="bbox 69 1844 825 1924">
     <span class='ocr_line' id='line_1_20' title="bbox 69 1844 825 1924; baseline 0.001 -19"><span class='ocrx_word' id='word_1_115' title='bbox 69 1845 191 1915; x_wconf 91' lang='lat' dir='ltr'><strong>labitur,</strong></span> <span class='ocrx_word' id='word_1_116' title='bbox 217 1853 244 1907; x_wconf 92' lang='lat' dir='ltr'><strong>et</strong></span> <span class='ocrx_word' id='word_1_117' title='bbox 266 1844 354 1923; x_wconf 80' lang='lat' dir='ltr'><strong>longo</strong></span> <span class='ocrx_word' id='word_1_118' title='bbox 376 1848 424 1906; x_wconf 81' lang='lat' dir='ltr'><strong>rix</strong></span> <span class='ocrx_word' id='word_1_119' title='bbox 445 1846 562 1906; x_wconf 87' lang='lat' dir='ltr'><strong>tandem</strong></span> <span class='ocrx_word' id='word_1_120' title='bbox 584 1852 718 1924; x_wconf 88' lang='lat' dir='ltr'><strong>ternpore</strong></span> <span class='ocrx_word' id='word_1_121' title='bbox 740 1847 825 1907; x_wconf 86' lang='lat' dir='ltr'><strong>fatur.</strong></span> 
     </span>
    </p>

    <p class='ocr_par' dir='ltr' id='par_1_14' title="bbox 70 1929 1086 2089">
     <span class='ocr_line' id='line_1_21' title="bbox 71 1929 1086 2000; baseline 0.006 -12"><span class='ocrx_word' id='word_1_122' title='bbox 71 1941 193 1991; x_wconf 77' lang='lat' dir='ltr'><strong>‘verane</strong></span> <span class='ocrx_word' id='word_1_123' title='bbox 215 1938 245 1990; x_wconf 91' lang='lat' dir='ltr'><strong>te</strong></span> <span class='ocrx_word' id='word_1_124' title='bbox 266 1930 370 2000; x_wconf 83' lang='lat' dir='ltr'><strong>iacies,</strong></span> <span class='ocrx_word' id='word_1_125' title='bbox 394 1948 481 1991; x_wconf 86' lang='lat' dir='ltr'><strong>verus</strong></span> <span class='ocrx_word' id='word_1_126' title='bbox 504 1929 575 1990; x_wconf 92' lang='lat' dir='ltr'><strong>mihi</strong></span> <span class='ocrx_word' id='word_1_127' title='bbox 597 1931 716 1990; x_wconf 92' lang='lat' dir='ltr'><strong>nuntius</strong></span> <span class='ocrx_word' id='word_1_128' title='bbox 737 1930 849 2000; x_wconf 82' lang='lat' dir='ltr'><strong>adiere,</strong></span> <span class='ocrx_word' id='word_1_129' title='bbox 1036 1942 1086 1994; x_wconf 77' lang='lat'><strong>310</strong></span> 
     </span>
     <span class='ocr_line' id='line_1_22' title="bbox 70 2012 840 2089; baseline 0.003 -17"><span class='ocrx_word' id='word_1_130' title='bbox 70 2021 136 2074; x_wconf 91' lang='lat' dir='ltr'><strong>nate</strong></span> <span class='ocrx_word' id='word_1_131' title='bbox 160 2014 232 2076; x_wconf 82' lang='lat' dir='ltr'><strong>deal</strong></span> <span class='ocrx_word' id='word_1_132' title='bbox 254 2016 382 2075; x_wconf 73' lang='lat' dir='ltr'><strong>vivisne?</strong></span> <span class='ocrx_word' id='word_1_133' title='bbox 403 2022 468 2085; x_wconf 88' lang='lat' dir='ltr'><strong>aut,</strong></span> <span class='ocrx_word' id='word_1_134' title='bbox 488 2016 512 2074; x_wconf 89' lang='lat' dir='ltr'><strong>si</strong></span> <span class='ocrx_word' id='word_1_135' title='bbox 533 2013 582 2074; x_wconf 91' lang='lat' dir='ltr'><strong>lux</strong></span> <span class='ocrx_word' id='word_1_136' title='bbox 606 2012 682 2074; x_wconf 89' lang='lat' dir='ltr'><strong>alma</strong></span> <span class='ocrx_word' id='word_1_137' title='bbox 703 2015 840 2089; x_wconf 89' lang='lat' dir='ltr'><strong>recessit,</strong></span> 
     </span>
    </p>

    <p class='ocr_par' dir='ltr' id='par_1_15' title="bbox 69 2096 978 2260">
     <span class='ocr_line' id='line_1_23' title="bbox 69 2096 978 2176; baseline -0.001 -18"><span class='ocrx_word' id='word_1_138' title='bbox 69 2098 178 2158; x_wconf 90' lang='lat' dir='ltr'><strong>Hector</strong></span> <span class='ocrx_word' id='word_1_139' title='bbox 199 2097 252 2159; x_wconf 91' lang='lat' dir='ltr'><strong>ubi</strong></span> <span class='ocrx_word' id='word_1_140' title='bbox 274 2096 349 2159; x_wconf 79' lang='lat' dir='ltr'><strong>esti&#39;</strong></span> <span class='ocrx_word' id='word_1_141' title='bbox 375 2099 460 2168; x_wconf 85' lang='lat' dir='ltr'><strong>dixit,</strong></span> <span class='ocrx_word' id='word_1_142' title='bbox 482 2097 676 2176; x_wconf 86' lang='lat' dir='ltr'><strong>lacrimasque</strong></span> <span class='ocrx_word' id='word_1_143' title='bbox 699 2099 799 2159; x_wconf 85' lang='lat' dir='ltr'><strong>elindit</strong></span> <span class='ocrx_word' id='word_1_144' title='bbox 819 2105 848 2158; x_wconf 93' lang='lat' dir='ltr'><strong>et</strong></span> <span class='ocrx_word' id='word_1_145' title='bbox 861 2115 978 2158; x_wconf 87' lang='lat' dir='ltr'><strong>omnem</strong></span> 
     </span>
     <span class='ocr_line' id='line_1_24' title="bbox 69 2180 813 2260; baseline 0.003 -19"><span class='ocrx_word' id='word_1_146' title='bbox 69 2180 198 2258; x_wconf 87' lang='lat' dir='ltr'><strong>implerit</strong></span> <span class='ocrx_word' id='word_1_147' title='bbox 220 2181 349 2243; x_wconf 92' lang='lat' dir='ltr'><strong>clamore</strong></span> <span class='ocrx_word' id='word_1_148' title='bbox 370 2181 477 2244; x_wconf 89' lang='lat' dir='ltr'><strong>locum.</strong></span> <span class='ocrx_word' id='word_1_149' title='bbox 521 2183 568 2243; x_wconf 78' lang='lat' dir='ltr'><strong>rix</strong></span> <span class='ocrx_word' id='word_1_150' title='bbox 589 2199 683 2260; x_wconf 89' lang='lat' dir='ltr'><strong>pauca</strong></span> <span class='ocrx_word' id='word_1_151' title='bbox 704 2182 813 2244; x_wconf 81' lang='lat' dir='ltr'><strong>lucenti</strong></span> 
     </span>
    </p>

    <p class='ocr_par' dir='ltr' id='par_1_16' title="bbox 69 2264 735 2327">
     <span class='ocr_line' id='line_1_25' title="bbox 69 2264 735 2327; baseline 0.002 -4"><span class='ocrx_word' id='word_1_152' title='bbox 69 2264 182 2325; x_wconf 89' lang='lat' dir='ltr'><strong>subicio</strong></span> <span class='ocrx_word' id='word_1_153' title='bbox 201 2275 229 2325; x_wconf 90' lang='lat' dir='ltr'><strong>et</strong></span> <span class='ocrx_word' id='word_1_154' title='bbox 250 2269 324 2326; x_wconf 87' lang='lat' dir='ltr'><strong>raris</strong></span> <span class='ocrx_word' id='word_1_155' title='bbox 346 2266 481 2327; x_wconf 87' lang='lat' dir='ltr'><strong>turbatus</strong></span> <span class='ocrx_word' id='word_1_156' title='bbox 498 2265 619 2326; x_wconf 85' lang='lat' dir='ltr'><strong>vocibus</strong></span> <span class='ocrx_word' id='word_1_157' title='bbox 639 2265 735 2326; x_wconf 90' lang='lat' dir='ltr'><strong>hisco:</strong></span> 
     </span>
    </p>

    <p class='ocr_par' dir='ltr' id='par_1_17' title="bbox 70 2349 1086 2501">
     <span class='ocr_line' id='line_1_26' title="bbox 71 2349 1086 2427; baseline 0.004 -21"><span class='ocrx_word' id='word_1_158' title='bbox 71 2349 148 2407; x_wconf 84' lang='lat' dir='ltr'><strong>‘vivo</strong></span> <span class='ocrx_word' id='word_1_159' title='bbox 168 2349 318 2425; x_wconf 89' lang='lat' dir='ltr'><strong>equidem,</strong></span> <span class='ocrx_word' id='word_1_160' title='bbox 341 2351 487 2426; x_wconf 84' lang='lat' dir='ltr'><strong>vitamque</strong></span> <span class='ocrx_word' id='word_1_161' title='bbox 506 2357 636 2410; x_wconf 86' lang='lat' dir='ltr'><strong>extrema</strong></span> <span class='ocrx_word' id='word_1_162' title='bbox 655 2367 709 2427; x_wconf 92' lang='lat' dir='ltr'><strong>per</strong></span> <span class='ocrx_word' id='word_1_163' title='bbox 726 2351 822 2409; x_wconf 90' lang='lat' dir='ltr'><strong>omnia</strong></span> <span class='ocrx_word' id='word_1_164' title='bbox 839 2349 929 2416; x_wconf 90' lang='lat' dir='ltr'><strong>duco;</strong></span> <span class='ocrx_word' id='word_1_165' title='bbox 1037 2358 1086 2410; x_wconf 78' lang='lat' dir='ltr'><strong>sis</strong></span> 
     </span>
     <span class='ocr_line' id='line_1_27' title="bbox 70 2430 536 2501; baseline 0.004 -12"><span class='ocrx_word' id='word_1_166' title='bbox 70 2447 108 2490; x_wconf 93' lang='lat' dir='ltr'><strong>ne</strong></span> <span class='ocrx_word' id='word_1_167' title='bbox 129 2430 245 2501; x_wconf 92' lang='lat' dir='ltr'><strong>dubita,</strong></span> <span class='ocrx_word' id='word_1_168' title='bbox 268 2450 336 2492; x_wconf 90' lang='lat' dir='ltr'><strong>uam</strong></span> <span class='ocrx_word' id='word_1_169' title='bbox 358 2451 427 2493; x_wconf 86' lang='lat' dir='ltr'><strong>vera</strong></span> <span class='ocrx_word' id='word_1_170' title='bbox 449 2433 536 2493; x_wconf 89' lang='lat' dir='ltr'><strong>vides.</strong></span> 
     </span>
    </p>

    <p class='ocr_par' dir='ltr' id='par_1_18' title="bbox 64 2505 793 2591">
     <span class='ocr_line' id='line_1_28' title="bbox 64 2505 793 2591; baseline 0 -19"><span class='ocrx_word' id='word_1_171' title='bbox 64 2505 141 2573; x_wconf 86' lang='lat' dir='ltr'><strong>heu&#39;</strong></span> <span class='ocrx_word' id='word_1_172' title='bbox 161 2514 225 2591; x_wconf 90' lang='lat' dir='ltr'><strong>quis</strong></span> <span class='ocrx_word' id='word_1_173' title='bbox 250 2521 279 2574; x_wconf 91' lang='lat' dir='ltr'><strong>te</strong></span> <span class='ocrx_word' id='word_1_174' title='bbox 297 2532 381 2574; x_wconf 91' lang='lat' dir='ltr'><strong>casus</strong></span> <span class='ocrx_word' id='word_1_175' title='bbox 404 2515 544 2575; x_wconf 90' lang='lat' dir='ltr'><strong>deiectam</strong></span> <span class='ocrx_word' id='word_1_176' title='bbox 568 2514 691 2589; x_wconf 82' lang='lat' dir='ltr'><strong>coniuge</strong></span> <span class='ocrx_word' id='word_1_177' title='bbox 713 2523 793 2574; x_wconf 85' lang='lat' dir='ltr'><strong>tanto</strong></span> 
     </span>
    </p>

    <p class='ocr_par' dir='ltr' id='par_1_19' title="bbox 72 2596 840 2674">
     <span class='ocr_line' id='line_1_29' title="bbox 72 2596 840 2674; baseline -0.001 -18"><span class='ocrx_word' id='word_1_178' title='bbox 72 2596 192 2673; x_wconf 90' lang='lat' dir='ltr'><strong>excipit,</strong></span> <span class='ocrx_word' id='word_1_179' title='bbox 217 2605 267 2656; x_wconf 90' lang='lat' dir='ltr'><strong>aut</strong></span> <span class='ocrx_word' id='word_1_180' title='bbox 290 2614 364 2674; x_wconf 92' lang='lat' dir='ltr'><strong>quae</strong></span> <span class='ocrx_word' id='word_1_181' title='bbox 388 2597 476 2674; x_wconf 83' lang='lat' dir='ltr'><strong>digna</strong></span> <span class='ocrx_word' id='word_1_182' title='bbox 497 2597 567 2657; x_wconf 90' lang='lat' dir='ltr'><strong>satis</strong></span> <span class='ocrx_word' id='word_1_183' title='bbox 588 2597 705 2656; x_wconf 88' lang='lat' dir='ltr'><strong>lortuna</strong></span> <span class='ocrx_word' id='word_1_184' title='bbox 726 2598 840 2664; x_wconf 86' lang='lat' dir='ltr'><strong>revisit,</strong></span> 
     </span>
    </p>

    <p class='ocr_par' dir='ltr' id='par_1_20' title="bbox 71 2678 886 2758">
     <span class='ocr_line' id='line_1_30' title="bbox 71 2678 886 2758; baseline -0.001 -19"><span class='ocrx_word' id='word_1_185' title='bbox 71 2679 205 2739; x_wconf 90' lang='lat' dir='ltr'><strong>Hectoris</strong></span> <span class='ocrx_word' id='word_1_186' title='bbox 224 2679 449 2745; x_wconf 76' lang='lat' dir='ltr'><strong>Andromache?</strong></span> <span class='ocrx_word' id='word_1_187' title='bbox 469 2679 595 2758; x_wconf 76' lang='lat' dir='ltr'><strong>Pyrrhin</strong></span> <span class='ocrx_word' id='word_1_188' title='bbox 613 2678 737 2739; x_wconf 91' lang='lat' dir='ltr'><strong>conubia</strong></span> <span class='ocrx_word' id='word_1_189' title='bbox 757 2679 886 2740; x_wconf 84' lang='lat' dir='ltr'><strong>servasi&#39;</strong></span> 
     </span>
    </p>

    <p class='ocr_par' dir='ltr' id='par_1_21' title="bbox 71 2761 1088 2923">
     <span class='ocr_line' id='line_1_31' title="bbox 71 2761 1088 2826; baseline 0.002 -2"><span class='ocrx_word' id='word_1_190' title='bbox 71 2763 176 2824; x_wconf 88' lang='lat' dir='ltr'><strong>deiecit</strong></span> <span class='ocrx_word' id='word_1_191' title='bbox 196 2761 305 2825; x_wconf 87' lang='lat' dir='ltr'><strong>voltum</strong></span> <span class='ocrx_word' id='word_1_192' title='bbox 328 2772 357 2824; x_wconf 91' lang='lat' dir='ltr'><strong>et</strong></span> <span class='ocrx_word' id='word_1_193' title='bbox 378 2764 502 2824; x_wconf 90' lang='lat' dir='ltr'><strong>demissa</strong></span> <span class='ocrx_word' id='word_1_194' title='bbox 525 2782 596 2823; x_wconf 89' lang='lat' dir='ltr'><strong>voce</strong></span> <span class='ocrx_word' id='word_1_195' title='bbox 613 2761 710 2822; x_wconf 91' lang='lat' dir='ltr'><strong>locuta</strong></span> <span class='ocrx_word' id='word_1_196' title='bbox 735 2770 792 2824; x_wconf 88' lang='lat' dir='ltr'><strong>est:</strong></span> <span class='ocrx_word' id='word_1_197' title='bbox 1035 2773 1088 2826; x_wconf 78' lang='lat'><strong>320</strong></span> 
     </span>
     <span class='ocr_line' id='line_1_32' title="bbox 73 2845 724 2923; baseline -0.002 -16"><span class='ocrx_word' id='word_1_198' title='bbox 73 2856 105 2907; x_wconf 82' lang='lat' dir='ltr'><strong>‘o</strong></span> <span class='ocrx_word' id='word_1_199' title='bbox 126 2845 194 2907; x_wconf 87' lang='lat' dir='ltr'><strong>iehx</strong></span> <span class='ocrx_word' id='word_1_200' title='bbox 214 2865 272 2909; x_wconf 90' lang='lat' dir='ltr'><strong>una</strong></span> <span class='ocrx_word' id='word_1_201' title='bbox 295 2855 361 2909; x_wconf 88' lang='lat' dir='ltr'><strong>ante</strong></span> <span class='ocrx_word' id='word_1_202' title='bbox 377 2848 448 2909; x_wconf 89' lang='lat' dir='ltr'><strong>ahas</strong></span> <span class='ocrx_word' id='word_1_203' title='bbox 466 2848 609 2908; x_wconf 91' lang='lat' dir='ltr'><strong>Priameia</strong></span> <span class='ocrx_word' id='word_1_204' title='bbox 627 2849 724 2923; x_wconf 83' lang='lat' dir='ltr'><strong>virgo,</strong></span> 
     </span>
    </p>

    <p class='ocr_par' dir='ltr' id='par_1_22' title="bbox 70 2930 893 2993">
     <span class='ocr_line' id='line_1_33' title="bbox 70 2930 893 2993; baseline 0 -2"><span class='ocrx_word' id='word_1_205' title='bbox 70 2930 206 2993; x_wconf 88' lang='lat' dir='ltr'><strong>hostilem</strong></span> <span class='ocrx_word' id='word_1_206' title='bbox 227 2931 264 2993; x_wconf 89' lang='lat' dir='ltr'><strong>ad</strong></span> <span class='ocrx_word' id='word_1_207' title='bbox 287 2932 432 2993; x_wconf 90' lang='lat' dir='ltr'><strong>tumulum</strong></span> <span class='ocrx_word' id='word_1_208' title='bbox 453 2931 559 2992; x_wconf 84' lang='lat' dir='ltr'><strong>Troiae</strong></span> <span class='ocrx_word' id='word_1_209' title='bbox 580 2930 634 2991; x_wconf 91' lang='lat' dir='ltr'><strong>sub</strong></span> <span class='ocrx_word' id='word_1_210' title='bbox 655 2931 808 2993; x_wconf 91' lang='lat' dir='ltr'><strong>moenibus</strong></span> <span class='ocrx_word' id='word_1_211' title='bbox 829 2931 893 2992; x_wconf 89' lang='lat' dir='ltr'><strong>altis</strong></span> 
     </span>
    </p>

    <p class='ocr_par' dir='ltr' id='par_1_23' title="bbox 70 3014 822 3095">
     <span class='ocr_line' id='line_1_34' title="bbox 70 3014 822 3095; baseline 0 -20"><span class='ocrx_word' id='word_1_212' title='bbox 70 3016 147 3075; x_wconf 90' lang='lat' dir='ltr'><strong>iussa</strong></span> <span class='ocrx_word' id='word_1_213' title='bbox 170 3016 261 3085; x_wconf 87' lang='lat' dir='ltr'><strong>mori,</strong></span> <span class='ocrx_word' id='word_1_214' title='bbox 286 3034 361 3095; x_wconf 90' lang='lat' dir='ltr'><strong>quae</strong></span> <span class='ocrx_word' id='word_1_215' title='bbox 381 3016 500 3077; x_wconf 86' lang='lat' dir='ltr'><strong>sortitus</strong></span> <span class='ocrx_word' id='word_1_216' title='bbox 523 3034 582 3076; x_wconf 94' lang='lat' dir='ltr'><strong>non</strong></span> <span class='ocrx_word' id='word_1_217' title='bbox 606 3014 726 3094; x_wconf 91' lang='lat' dir='ltr'><strong>pertulit</strong></span> <span class='ocrx_word' id='word_1_218' title='bbox 747 3014 822 3077; x_wconf 90' lang='lat' dir='ltr'><strong>uHos</strong></span> 
     </span>
    </p>

    <p class='ocr_par' dir='ltr' id='par_1_24' title="bbox 71 3098 705 3179">
     <span class='ocr_line' id='line_1_35' title="bbox 71 3098 705 3179; baseline 0.003 -21"><span class='ocrx_word' id='word_1_219' title='bbox 71 3113 127 3158; x_wconf 89' lang='lat' dir='ltr'><strong>nec</strong></span> <span class='ocrx_word' id='word_1_220' title='bbox 148 3099 264 3160; x_wconf 80' lang='lat' dir='ltr'><strong>victoris</strong></span> <span class='ocrx_word' id='word_1_221' title='bbox 286 3101 328 3161; x_wconf 94' lang='lat' dir='ltr'><strong>eri</strong></span> <span class='ocrx_word' id='word_1_222' title='bbox 349 3102 441 3179; x_wconf 83' lang='lat' dir='ltr'><strong>tetigit</strong></span> <span class='ocrx_word' id='word_1_223' title='bbox 462 3101 572 3178; x_wconf 87' lang='lat' dir='ltr'><strong>captiva</strong></span> <span class='ocrx_word' id='word_1_224' title='bbox 595 3098 705 3161; x_wconf 90' lang='lat' dir='ltr'><strong>cubile!</strong></span> 
     </span>
    </p>

    <p class='ocr_par' dir='ltr' id='par_1_25' title="bbox 63 3184 1087 3346">
     <span class='ocr_line' id='line_1_36' title="bbox 72 3184 1087 3262; baseline 0.008 -22"><span class='ocrx_word' id='word_1_225' title='bbox 72 3197 126 3241; x_wconf 91' lang='lat' dir='ltr'><strong>nos</strong></span> <span class='ocrx_word' id='word_1_226' title='bbox 146 3184 239 3260; x_wconf 87' lang='lat' dir='ltr'><strong>patria</strong></span> <span class='ocrx_word' id='word_1_227' title='bbox 260 3185 378 3246; x_wconf 90' lang='lat' dir='ltr'><strong>incensa</strong></span> <span class='ocrx_word' id='word_1_228' title='bbox 401 3185 514 3246; x_wconf 85' lang='lat' dir='ltr'><strong>diversa</strong></span> <span class='ocrx_word' id='word_1_229' title='bbox 535 3201 589 3262; x_wconf 92' lang='lat' dir='ltr'><strong>per</strong></span> <span class='ocrx_word' id='word_1_230' title='bbox 609 3201 738 3261; x_wconf 89' lang='lat' dir='ltr'><strong>aequora</strong></span> <span class='ocrx_word' id='word_1_231' title='bbox 754 3191 854 3244; x_wconf 88' lang='lat' dir='ltr'><strong>vectae</strong></span> <span class='ocrx_word' id='word_1_232' title='bbox 1034 3193 1087 3248; x_wconf 73' lang='lat'><strong>325</strong></span> 
     </span>
     <span class='ocr_line' id='line_1_37' title="bbox 63 3265 856 3346; baseline 0.004 -22"><span class='ocrx_word' id='word_1_233' title='bbox 63 3265 171 3341; x_wconf 64' lang='lat' dir='ltr'><strong>‘stirpis</strong></span> <span class='ocrx_word' id='word_1_234' title='bbox 190 3265 336 3329; x_wconf 78' lang='lat' dir='ltr'><strong>nchffleae</strong></span> <span class='ocrx_word' id='word_1_235' title='bbox 357 3269 447 3330; x_wconf 84' lang='lat' dir='ltr'><strong>iaetus</strong></span> <span class='ocrx_word' id='word_1_236' title='bbox 469 3269 661 3346; x_wconf 87' lang='lat' dir='ltr'><strong>iuvenemque</strong></span> <span class='ocrx_word' id='word_1_237' title='bbox 683 3266 856 3346; x_wconf 89' lang='lat' dir='ltr'><strong>superbum,</strong></span> 
     </span>
    </p>

    <p class='ocr_par' dir='ltr' id='par_1_26' title="bbox 72 3349 816 3430">
     <span class='ocr_line' id='line_1_38' title="bbox 72 3349 816 3430; baseline 0.003 -22"><span class='ocrx_word' id='word_1_238' title='bbox 72 3349 188 3409; x_wconf 87' lang='lat' dir='ltr'><strong>servitio</strong></span> <span class='ocrx_word' id='word_1_239' title='bbox 209 3351 322 3422; x_wconf 82' lang='lat' dir='ltr'><strong>enixae,</strong></span> <span class='ocrx_word' id='word_1_240' title='bbox 346 3353 478 3421; x_wconf 91' lang='lat' dir='ltr'><strong>tulimus,</strong></span> <span class='ocrx_word' id='word_1_241' title='bbox 502 3353 552 3430; x_wconf 94' lang='lat' dir='ltr'><strong>qui</strong></span> <span class='ocrx_word' id='word_1_242' title='bbox 573 3351 679 3412; x_wconf 89' lang='lat' dir='ltr'><strong>deinde</strong></span> <span class='ocrx_word' id='word_1_243' title='bbox 699 3359 816 3412; x_wconf 91' lang='lat' dir='ltr'><strong>secutus</strong></span> 
     </span>
    </p>

    <p class='ocr_par' dir='ltr' id='par_1_27' title="bbox 72 3431 941 3515">
     <span class='ocr_line' id='line_1_39' title="bbox 72 3431 941 3515; baseline 0.006 -23"><span class='ocrx_word' id='word_1_244' title='bbox 72 3431 217 3493; x_wconf 86' lang='lat' dir='ltr'><strong>Ledaeam</strong></span> <span class='ocrx_word' id='word_1_245' title='bbox 237 3433 415 3513; x_wconf 88' lang='lat' dir='ltr'><strong>Hermionen</strong></span> <span class='ocrx_word' id='word_1_246' title='bbox 437 3436 741 3514; x_wconf 88' lang='lat' dir='ltr'><strong>Lacedaemoniosque</strong></span> <span class='ocrx_word' id='word_1_247' title='bbox 764 3434 941 3515; x_wconf 79' lang='lat' dir='ltr'><strong>hymenaeos</strong></span> 
     </span>
    </p>
   </div>
   <div class='ocr_carea' id='block_1_4' title="bbox 0 0 1206 3878">
    <p class='ocr_par' dir='ltr' id='par_1_28' title="bbox 0 0 1206 3878">
     <span class='ocr_line' id='line_1_40' title="bbox 0 0 1206 3878; baseline 0 0"><span class='ocrx_word' id='word_1_248' title='bbox 0 0 1206 3878; x_wconf 95' lang='lat' dir='ltr'><strong> </strong></span> 
     </span>
    </p>
   </div>
  </div>
 </body>
</html>
