2400 3878
353 208 497 257 vsuolrn
521 208 725 258 unondrcou
747 210 773 256 11

62 361 131 423 dant
153 360 225 421 alios
246 361 319 423 aliae
341 362 432 433 letus,
456 363 526 424 dant
547 362 617 423 utile
638 363 749 441 lignum

60 445 181 523 navigiis
203 446 303 521 pinus,
326 446 461 507 domibus
484 447 663 526 cedrumque
686 463 909 525 cupressosque.

62 528 130 588 hinc
151 527 249 587 radios
271 530 377 591 trivere
399 531 486 599 rotis,
509 529 577 590 hinc
599 537 734 610 tympana
756 528 893 608 plaustris

62 610 220 688 agricolae,
244 621 273 673 et
293 613 405 691 pandas
426 612 538 674 ratibus
559 632 686 691 posuere
709 615 833 674 carinas.

62 694 216 755 viminibus
237 694 355 766 salices,
379 697 522 758 fecundae
543 697 696 758 frondibus
718 696 798 766 ulmi,

62 785 91 838 at
111 785 223 857 myrtus
247 778 345 840 validis
367 779 519 840 hastilibus
542 787 571 840 et
591 780 668 841 bona
691 780 768 841 bello

61 880 183 931 cornus,
205 861 336 923 lturaeos
359 866 417 924 taxi
439 871 612 942 torquentur
634 867 664 924 in
686 882 781 925 arcus,

61 964 117 1006 nec
139 944 217 1006 tiliae
238 944 316 1007 leves
338 954 388 1009 aut
409 955 495 1006 torno
517 946 604 1008 rasile
625 947 736 1009 buxum

60 1047 120 1089 non
142 1030 266 1090 lormam
289 1031 434 1108 accipiunt
456 1031 595 1110 ferroque
618 1039 757 1093 cavantur
779 1039 873 1092 acuto.

61 1130 116 1176 uec
138 1131 197 1172 non
219 1121 249 1174 et
270 1121 431 1175 torrentem
454 1115 562 1175 undam
585 1114 655 1175 levis
677 1117 788 1176 innatat
809 1114 892 1176 alnus

61 1198 147 1257 missa
169 1198 262 1265 Pado;
285 1216 421 1259 necnon
444 1206 473 1259 et
494 1216 564 1277 apes
586 1200 720 1259 examina
744 1198 874 1260 condunt

61 1280 277 1359 corticibusque
300 1284 376 1343 cavis
400 1283 576 1360 vitiosaeque
598 1283 670 1344 ilicis
692 1282 766 1343 alvo.

61 1365 130 1441 quid
152 1366 375 1426 memorandum
397 1384 489 1444 aeque
511 1366 654 1426 baccheia
677 1367 753 1427 dona
774 1365 920 1427 tuderuntt

61 1447 195 1508 Bacchus
217 1456 246 1507 et
268 1448 305 1507 ad
327 1448 443 1525 culpam
465 1467 568 1509 causas
590 1450 684 1517 dedit;
707 1449 756 1509 ille
778 1449 900 1509 furentis

61 1530 222 1591 Centauros
244 1530 302 1590 leto
325 1532 452 1600 domuit,
475 1530 685 1609 Rhoecumque
706 1529 889 1608 Pholumque

60 1622 89 1674 et
110 1633 217 1692 magno
239 1613 379 1692 llylaeum
402 1614 531 1691 Lapithis
553 1621 668 1675 cratere
690 1615 857 1674 minantem.

103 1698 127 1758 0
150 1698 313 1758 fortunatos
335 1698 472 1767 nimium,
495 1716 547 1758 sua
569 1699 593 1758 si
614 1697 692 1758 bona
714 1699 820 1766 norint,

59 1781 215 1858 agricolas!
238 1782 343 1859 quibus
365 1783 427 1858 ipsa
450 1780 553 1858 procul
575 1781 759 1842 discordibus
781 1784 869 1841 armis

59 1865 154 1925 fundit
176 1864 265 1925 humo
288 1864 402 1925 lacdem
424 1867 532 1926 victum
554 1865 709 1926 iustissima
731 1864 824 1926 tellus.

59 1950 163 2008 sinon
186 1949 333 2026 ingentem
356 1948 469 2009 loribus
492 1948 596 2009 domus
617 1949 672 2009 alta
696 1949 831 2027 superbis

56 2050 143 2092 mana
165 2030 341 2093 salutantum
363 2033 431 2092 tutis
452 2034 541 2092 vomit
562 2032 684 2094 aedibus
705 2033 822 2102 undam,

57 2134 112 2176 nec
135 2116 230 2176 varios
251 2116 362 2176 inhiant
383 2115 507 2193 pulchra
529 2115 673 2177 testudine
697 2123 805 2195 postes,

57 2201 228 2281 inlusasque
257 2218 329 2261 auro
359 2207 451 2260 vestes
473 2199 677 2279 Ephyreiaque
700 2218 777 2268 aera,

56 2281 121 2342 alba
143 2300 239 2361 neque
261 2283 377 2362 Assyrio
399 2282 515 2344 lucatur
536 2281 602 2344 lana
625 2302 745 2354 veneno,

55 2382 110 2426 uec
133 2367 208 2426 casia
230 2365 332 2444 liquidi
353 2369 553 2445 corrumpitur
574 2386 645 2428 usus
666 2366 748 2427 olivi:

55 2454 85 2509 at
105 2466 208 2509 secura
231 2451 313 2527 quies
335 2457 364 2510 et
385 2452 483 2510 nescia
504 2449 605 2510 fallere
627 2452 691 2517 vita,

55 2531 135 2592 dives
157 2550 246 2608 opum
268 2535 429 2600 variarum,
456 2541 486 2591 at
507 2532 571 2592 latis
593 2536 649 2592 otia
672 2533 769 2592 luudis

55 2613 222 2694 (speluncae
245 2616 356 2693 vivique
377 2615 459 2675 lacus
481 2622 510 2674 et
531 2614 635 2692 lrigida
658 2622 754 2692 tempe

54 2699 240 2775 mugitusque
261 2697 351 2758 boum
372 2697 534 2776 mollesque
555 2697 609 2758 sub
633 2697 740 2758 arbore
762 2697 865 2774 somni)

54 2799 113 2842 non
136 2780 255 2850 absunt;
277 2780 336 2841 illic
357 2780 448 2843 saltus
469 2799 504 2842 ac
526 2779 617 2842 lustra
640 2782 778 2851 serarum,

54 2874 83 2926 et
104 2867 216 2943 patiens
237 2883 361 2943 operum
383 2867 547 2945 exiguoque
568 2865 689 2926 adsueta
710 2866 844 2925 iuventus

53 2967 135 3009 sacra
158 2950 245 3010 deum
267 2951 418 3027 sanctique
439 2957 553 3028 patrem
578 2957 707 3010 extrema
729 2947 869 3026 perillus

54 3033 161 3094 lustitia
184 3034 329 3093 excedens
351 3035 438 3094 terris
460 3035 576 3110 vestigia
601 3034 676 3093 lecit.

95 3116 140 3176 hle
162 3135 231 3177 vero
252 3118 380 3194 primum
403 3116 503 3178 dulces
525 3125 592 3177 ante
613 3119 709 3177 omnia
731 3134 841 3184 musae,

53 3218 177 3278 quarum
199 3218 282 3261 sacra
303 3200 367 3260 lero
390 3202 500 3276 ingenti
522 3218 680 3279 percussus
701 3217 811 3266 amore,

53 3283 208 3360 accipiant,
232 3283 361 3363 caelique
385 3285 444 3343 vias
466 3293 497 3344 et
516 3284 612 3345 sidera
634 3289 806 3349 monstrent,

53 3366 183 3425 delectus
205 3365 273 3426 solis
295 3369 390 3427 varios
412 3367 555 3445 lunaeque
577 3366 708 3434 laborem

53 3450 130 3511 unde
151 3456 262 3510 tremor
284 3451 384 3518 terris,
407 3469 464 3529 qua
487 3451 513 3510 vi
534 3451 625 3510 maria
647 3449 703 3510 alta
725 3458 888 3512 tumescant

814 3553 854 3608 4.
