2454 3936
430 231 573 279 vnncxnr
593 231 718 278 xnnnrs
739 231 764 278 11
1015 296 1018 302 ¹
1044 215 1101 276 tm

92 395 125 448 ut
146 386 228 458 vidit,
257 398 347 465 ‘quae
368 403 452 446 mens
472 393 532 446 tarn
553 385 631 455 dira,
654 384 817 445 miserrime
838 386 972 452 coniunx,

93 469 206 547 impulit
227 471 273 531 his
294 469 371 548 cingi
393 468 476 529 telis?
505 476 555 529 aut
575 487 633 548 quo
655 466 749 528 ruisl'
774 468 874 545 inquit.
1055 478 1106 531 ott)
1210 519 1214 526 .

94 561 166 612 ‘non
187 553 238 614 tali
259 552 364 614 auxilio
385 570 440 613 nec
462 551 665 614 defensoribus
683 552 745 612 istis

94 644 207 713 tempus
229 645 308 716 eget,
328 654 404 706 non,
425 637 449 696 si
470 636 533 715 ipse
551 654 635 698 meus
655 653 735 696 nunc
754 635 868 696 adforet
886 633 1003 694 ilector.

93 719 151 780 hue
173 721 291 781 tandem
313 719 457 790 concede;
480 721 553 781 haee
574 738 624 780 ara
645 719 774 780 tuebitur
797 718 906 787 omnis,

93 809 142 864 aut
161 805 289 865 moriere
310 802 421 864 simul'
465 804 507 865 sie
530 822 582 865 ore
601 804 684 865 effata
705 804 816 881 recepit

93 886 129 945 ed
148 904 211 948 sese
233 895 262 948 et
280 904 364 948 sacra
386 887 558 964 longaevom
578 889 607 948 in
629 887 697 948 sede
718 887 833 948 locavit.
1055 894 1105 947 tto

134 970 210 1032 Ecce
230 980 327 1032 autern
350 970 465 1049 elapsus
486 970 591 1050 Pyrrhi
613 972 649 1032 de
671 972 761 1032 caede
782 970 903 1039 Polites,

92 1071 167 1114 unus
183 1063 318 1116 natorum
342 1055 464 1125 Priami,
486 1073 540 1133 per
560 1054 632 1125 tela,
652 1074 706 1134 per
724 1056 816 1115 hostis

93 1138 252 1214 porticibus
272 1138 366 1215 longis
383 1139 457 1217 sugit
476 1146 504 1200 et
523 1157 613 1200 vacua
632 1140 705 1200 atria
725 1139 828 1200 lustrat

92 1223 216 1282 saucius.
261 1222 342 1283 illum
364 1223 469 1283 ardens
491 1224 595 1284 infesto
619 1222 737 1285 volnere
757 1222 887 1302 Pyrrhus

93 1305 271 1382 insequitur,
295 1307 489 1385 iamiamque
511 1314 700 1368 manutenet
721 1314 749 1369 et
771 1307 877 1384 premit
898 1306 989 1365 haste.
1054 1312 1107 1366 530

93 1395 124 1446 ut
144 1389 262 1448 tandem
286 1395 353 1449 ante
375 1389 476 1449 oculos
497 1392 585 1450 evasit
605 1398 634 1451 et
658 1409 710 1451 ora
733 1396 902 1468 parentum.

94 1471 222 1531 concidit
243 1488 278 1532 ac
298 1470 389 1531 multo
411 1474 498 1532 vitam
516 1491 583 1534 cum
601 1475 742 1549 sanguine
765 1472 847 1532 indit.

93 1553 140 1614 hic
161 1554 309 1625 Priamus,
330 1571 506 1632 quamquam
528 1557 557 1614 iu
579 1555 674 1615 media
694 1557 752 1615 iam
779 1562 875 1615 morte
896 1561 1025 1620 tenetur,

93 1655 150 1696 non
172 1645 270 1697 tamen
292 1636 445 1708 abstinuit,
464 1655 520 1698 neo
542 1639 604 1698 voci
626 1638 746 1717 iraeque
764 1639 903 1716 pepercit.

93 1727 137 1780 ‘at
158 1721 210 1781 tibi
231 1739 286 1799 pro
307 1719 432 1782 scelere'
456 1720 616 1791 exclamat,
640 1732 710 1800 ‘pro
731 1720 839 1783 talibus
858 1722 935 1783 ausis
1054 1729 1105 1785 555

92 1804 135 1872 di,
157 1805 240 1882 siqua
256 1811 300 1865 est
322 1805 403 1865 caelo
424 1805 532 1882 pictas,
554 1823 628 1883 quae
649 1804 716 1865 talia
738 1813 833 1876 curet,

91 1887 257 1966 persolvant
281 1896 377 1967 grates
400 1888 502 1967 dignas
524 1896 553 1949 et
571 1889 701 1967 praemia
722 1890 847 1951 reddant

92 1971 202 2041 dehita,
224 1972 274 2049 qui
295 1974 354 2032 nati
375 1990 473 2033 coram
496 1990 544 2033 me
565 1990 688 2034 cernere
709 1972 799 2034 letum

92 2054 184 2115 iecisti
207 2062 235 2115 et
256 2056 367 2133 patrios
385 2056 507 2117 foedasti
528 2056 630 2117 iuuere
650 2055 755 2118 voltus.

92 2146 120 2197 at
141 2156 200 2197 non
221 2138 281 2209 illc,
305 2147 400 2200 satum
422 2148 530 2218 quote
552 2141 697 2210 mentiris,
719 2139 845 2202 Achilles
1053 2149 1104 2203 540

91 2221 155 2280 talis
172 2223 202 2281 in
224 2222 306 2283 hoste
324 2224 376 2284 luit
396 2224 527 2292 Priamo;
548 2223 599 2284 sed
620 2225 685 2285 iura
706 2224 852 2303 iidemque
1134 2238 1138 2244 ’

91 2304 229 2382 supplicis
250 2305 380 2377 erubuit,
399 2325 565 2386 corpusque
588 2324 720 2386 exangue
738 2307 895 2386 sepulchro

91 2387 216 2448 reddidit
238 2389 428 2454 Hectoreum.
450 2410 557 2469 meque
577 2392 606 2450 in
628 2410 692 2452 mea
714 2408 805 2469 regna
826 2391 945 2451 remisit.

91 2471 132 2531 sic
152 2473 227 2533 fatus
246 2475 358 2541 senior,
380 2474 530 2550 telumque
551 2473 657 2534 inbelle
679 2475 742 2534 sine
762 2475 821 2533 ictu

92 2556 228 2626 coniecit,
250 2573 341 2616 rauco
362 2555 440 2634 quod
463 2557 597 2633 protinus
619 2574 687 2616 aere
708 2555 858 2632 repulsum
1053 2564 1104 2617 545

92 2656 126 2699 eo
144 2656 258 2699 summo
278 2638 363 2717 clipei
384 2640 561 2717 nequiquam
582 2638 711 2698 umbone
733 2638 879 2715 pependit.

91 2722 137 2782 cui
159 2722 289 2802 Pyrrhus
311 2723 438 2783 ‘referes
461 2740 531 2799 ergo
554 2722 628 2782 haec
650 2728 678 2782 et
699 2722 818 2782 nuntius
837 2721 892 2781 ibis

90 2803 207 2866 Pelidae
229 2807 363 2883 genitori.
397 2805 438 2866 illi
459 2823 524 2867 mea
546 2805 638 2865 tristia
660 2805 734 2866 iacta

90 2887 324 2969 degeneremque
345 2887 569 2968 Neoptolemum
590 2906 711 2950 narrare
731 2896 892 2949 memento:

90 2988 169 3032 nune
193 2972 334 3034 morere'
370 2974 428 3034 hoc
450 2973 549 3035 dicens
572 2970 673 3034 altaria
695 2973 732 3034 ad
753 2973 816 3050 ipsa
833 2979 1007 3034 trementem
1052 2984 1104 3036 550

89 3055 178 3114 traxit
199 3063 227 3116 et
248 3057 278 3116 in
300 3056 392 3118 multo
413 3058 574 3137 lapsantem
597 3059 737 3135 sanguine
756 3057 823 3126 nati,

89 3137 279 3219 inplicuitque
300 3158 383 3202 coma
404 3140 530 3211 laevam,
551 3142 711 3221 dextraque
731 3158 886 3201 coruscum

90 3221 192 3282 extulit
213 3241 247 3284 ac
271 3223 355 3286 lateri
377 3225 589 3304 capulotenus
611 3224 721 3284 abdidit
741 3241 849 3284 ensem.

90 3303 163 3366 haee
185 3306 250 3369 nnn
268 3307 391 3380 Priami,
414 3310 540 3370 latorum
562 3309 611 3368 hio
633 3310 725 3368 exitus
747 3305 828 3367 illurn

88 3396 169 3450 sorte
190 3388 271 3461 tulit,
289 3391 408 3453 Troiam
429 3394 578 3453 incensam
601 3399 629 3451 ct
651 3390 786 3468 prolapsa
808 3390 952 3451 ridentem
1051 3399 1102 3452 555

88 3469 247 3551 Pergama,
269 3481 313 3535 tot
332 3475 479 3555 quondam
501 3474 616 3554 populis
638 3476 783 3553 terrisque
804 3471 964 3550 superbum
