2400 3878
116 183 177 247 ³18
451 197 594 244 vnnornr
610 197 736 246 neurus
751 199 787 245 xr

118 371 174 415 nec
194 352 323 415 Drances
344 354 449 431 potius,
471 353 531 412 sive
552 360 595 414 est
616 352 688 413 haec
708 353 752 413 ira
772 353 904 432 deornm,

116 446 210 498 morte
232 435 302 504 luat,
326 439 384 497 sive
407 445 451 496 est
472 437 563 496 virtus
585 444 613 496 et
635 435 736 513 gloria,
757 436 858 497 tollat.’

157 520 201 582 Illi
218 520 292 581 haec
312 522 389 581 inter
411 539 442 580 se
465 519 560 580 dubiis
583 520 619 579 de
640 520 729 580 rebus
750 521 875 599 agebant

116 612 277 673 certamem
299 612 393 664 castra
414 605 527 664 deneas
549 606 702 681 aciemque
721 605 871 665 movebat:

115 690 235 750 nuntius
256 688 366 766 ingenti
383 705 437 766 per
458 689 538 765 regia
559 695 636 748 tecta
657 687 782 749 tumultu

115 790 185 834 ecce
206 773 266 833 ruit
285 772 457 850 magnisque
478 771 584 832 urbem
605 772 771 832 terroribus
792 772 900 851 implet.

115 858 272 917 instructos
290 857 351 916 acie
371 854 511 915 Tiberino
532 873 549 915 a
567 856 687 916 flumine
708 855 840 917 Teucros

114 938 356 1021 Tyrrhenamque
376 956 497 1000 manum
513 941 581 999 totis
603 939 782 1001 descendere
804 942 923 1020 campis.

115 1022 261 1102 extemplo
281 1022 389 1083 turbati
411 1024 500 1082 animi
521 1040 723 1100 concussaque
741 1022 818 1102 volgi

114 1115 234 1187 pectora
257 1115 286 1167 et
307 1114 438 1168 arrectae
460 1106 583 1167 stimulis
605 1107 683 1167 haud
706 1107 843 1168 mollibus
864 1109 934 1169 irae.

115 1209 196 1252 arma
218 1208 307 1251 manu
327 1191 434 1269 trepidi
455 1199 589 1267 poscunt,
611 1191 710 1251 fremit
732 1210 812 1252 arma
834 1195 977 1260 iuventus,

114 1274 185 1336 flent
205 1275 307 1336 maesti
329 1281 519 1353 mussantque
541 1285 649 1353 patres.
683 1274 731 1335 hic
750 1276 879 1353 undique
898 1275 1007 1336 clamor

114 1359 247 1420 dissensu
266 1361 347 1418 vario
369 1375 493 1436 magnus
514 1375 546 1419 se
567 1358 642 1418 tollit
663 1360 694 1418 in
717 1377 803 1420 auras

114 1443 184 1504 haut
205 1460 290 1504 secus
312 1449 400 1520 atque
421 1441 479 1502 alto
501 1443 531 1502 in
553 1441 619 1503 luco
639 1461 706 1504 eum
727 1444 804 1504 iorte
826 1450 959 1504 catervae

112 1527 276 1588 consedere
297 1528 392 1588 avium
413 1529 566 1604 piscosove
588 1545 673 1589 amne
694 1528 826 1589 Padusae

111 1620 184 1674 dant
205 1613 333 1672 sonitum
355 1612 436 1671 rauci
457 1629 511 1689 per
534 1621 635 1688 stagna
656 1610 788 1690 loquacia
811 1614 903 1691 cycni.

113 1696 235 1756 ‘immo’
256 1696 295 1755 ait
317 1704 352 1754 'o
375 1693 469 1756 olvcs'
493 1703 612 1775 arrepto
632 1702 767 1774 ternpore
788 1696 915 1764 Turnus,

114 1782 226 1855 ‘cogite
248 1778 403 1839 concilium
425 1787 454 1839 et
476 1797 579 1857 pacem
597 1778 712 1839 laudate
735 1779 884 1858 sedentes:

114 1861 154 1922 illi
175 1865 263 1924 armis
285 1864 314 1922 in
336 1879 427 1938 regna
448 1867 556 1923 ruunt·
586 1880 643 1923 nec
664 1862 748 1940 plura
768 1862 884 1923 locutus

114 1947 256 2025 corripuit
278 1962 343 2005 sese
365 1953 393 2005 et
413 1947 498 2007 tectis
520 1947 595 2006 citus
619 1944 720 2006 extulit
741 1945 814 2007 altis.

114 2036 170 2100 ‘tu
192 2029 308 2098 voluso,
333 2030 440 2090 armari
459 2027 631 2090 Volscorum
653 2029 735 2090 edice
756 2028 910 2109 maniplos,

113 2114 184 2175 duc‘
207 2115 246 2174 ait
268 2119 313 2174 ‘et
331 2111 464 2174 Rutulos.
497 2114 625 2193 equitem
643 2113 793 2193 Messapus
815 2116 845 2175 in
867 2113 955 2172 armis

114 2206 142 2259 et
164 2198 342 2258 cumfratre
363 2196 453 2257 Coras
473 2197 539 2258 latis
560 2196 713 2259 diffundite
734 2200 852 2277 campis.

113 2299 181 2360 pars
200 2281 295 2342 aditus
316 2280 398 2341 urbis
416 2282 513 2343 iirmet
529 2283 679 2361 turrisque
701 2289 841 2367 capessat,

54 2392 57 2397 ·
114 2376 220 2436 cetera,
243 2384 300 2446 qua
321 2366 409 2448 iusso,
428 2382 545 2427 mecum
564 2383 667 2426 manns
687 2366 794 2429 inierat
815 2366 915 2428 arma!

113 2450 193 2512 ilicet
214 2451 244 2511 in
264 2468 367 2511 muros
383 2457 443 2511 tota
464 2450 639 2511 discurritur
656 2450 741 2514 urbe.

110 2534 283 2596 *consilium
297 2537 362 2614 ipse
376 2544 461 2614 pater
479 2542 508 2596 et
531 2553 636 2613 magna
659 2537 773 2614 incepta
796 2535 915 2595 Latinus

113 2619 223 2679 deserit
243 2637 278 2679 ac
298 2621 374 2680 tristi
392 2618 526 2679 turbatus
546 2627 680 2698 tempore
702 2620 799 2681 differt

112 2702 262 2779 multaque
284 2721 315 2764 se
337 2705 458 2770 incusat.
480 2705 530 2781 qui
551 2721 611 2764 non
632 2705 766 2766 asciverit
781 2699 860 2763 ultro

114 2785 291 2847 dardanium
311 2786 429 2848 Aenean
448 2804 649 2865 generumque
669 2789 817 2867 acceperit
837 2778 931 2848 urbi*

112 2869 299 2948 praefodiunt
322 2869 370 2930 alii
390 2878 490 2950 portas
508 2879 558 2930 aut
579 2888 647 2930 saxa
670 2871 816 2948 sudesque

112 2951 291 3013 subvectant.
325 2950 402 3014 bello
425 2952 474 3012 dat
496 2954 612 3028 signum
633 2971 721 3012 rauca
744 2960 897 3013 cruentum

112 3035 229 3096 bucina.
260 3043 321 3095 tum
341 3053 442 3096 muros
462 3036 541 3095 varia
563 3037 681 3096 cinxere
705 3054 814 3096 corona

113 3126 263 3180 matronae
283 3120 441 3198 puerique:
464 3125 548 3178 vocat
568 3117 652 3178 labor
672 3117 791 3180 ultimus
811 3123 915 3180 omnis.

112 3220 246 3264 necnon
268 3202 304 3262 ad
327 3202 468 3282 templum
489 3220 676 3281 summasque
700 3202 736 3264 ad
757 3203 882 3264 Palladis
903 3219 985 3264 arces

113 3285 285 3347 subvehitur
305 3304 411 3364 magna
433 3294 559 3348 matrum
580 3289 681 3365 regina
704 3296 818 3348 caterva

112 3370 188 3430 dom
208 3372 316 3440 terens,
340 3373 477 3450 iuxtaque
495 3389 593 3431 comes
616 3371 731 3432 Lavinia
751 3373 841 3449 virgo,

113 3470 198 3514 causa
218 3453 286 3514 mall
308 3456 388 3523 tanti,
410 3453 512 3515 oculos
533 3454 645 3515 deiecta
666 3455 797 3522 decoros,
