2400 3878
406 220 548 269 visseim
564 220 689 270 aluums
704 222 758 269 1111

67 375 237 457 pectoribus
259 375 374 436 inhians
394 376 533 454 spirantia
555 374 681 435 consulit
701 383 776 436 exta.

68 462 127 522 heu
144 467 241 521 vatum
263 461 382 538 ignarae
407 460 533 520 mentes!
562 459 630 537 quid
653 466 719 518 vota
738 459 899 530 furentem,
1053 473 1089 528 σε,

68 543 138 623 quid
159 543 282 604 delubra
303 544 417 604 iuvant?
442 551 486 603 est
505 541 600 602 mollis
619 542 735 603 hamma
756 542 899 604 medullas

66 629 193 697 interea,
216 635 245 686 et
267 629 387 687 tacitum
407 628 475 686 vivit
495 625 549 686 sub
571 633 692 704 pectore
713 626 825 688 volnus.

66 713 162 772 uritur
182 709 282 776 infelix
304 710 377 771 Dido
397 717 515 788 totaque
536 718 656 787 vagatur

66 794 141 855 urbe
161 794 263 856 furens
285 793 378 872 quahs
396 795 527 854 coniecta
547 811 632 854 cerva
654 795 771 872 sagitta,

66 896 154 956 quarn
174 878 279 956 procul
301 879 447 938 incautam
468 895 590 938 nemora
611 878 688 938 inter
707 877 805 939 Cresia
824 878 886 938 lixit

65 970 164 1038 pastor
186 979 275 1039 agens
296 960 361 1021 telis
382 960 523 1040 liquitque
544 961 658 1022 volatile
678 962 790 1023 ierrum

65 1045 196 1115 nescius,
218 1044 266 1104 illa
289 1044 358 1122 iuga
379 1045 465 1105 silvas
485 1044 635 1122 saltusque
656 1055 794 1125 peragrat

64 1127 210 1198 Dictaeos,
231 1128 335 1188 haeret
351 1127 435 1190 lateri
455 1127 548 1188 letalis
560 1128 704 1189 harundo.
885 1136 886 1139 ’

63 1227 142 1271 nunc
163 1211 258 1272 media
279 1215 396 1272 Aenean
416 1230 517 1273 secum
539 1230 593 1291 per
614 1214 729 1274 moenia
749 1213 829 1274 ducit

63 1294 255 1372 Sidoniasque
278 1301 402 1356 ostentat
426 1314 497 1374 opes
516 1296 680 1375 urbemque
701 1304 847 1373 paratam,

61 1377 163 1455 incipit
184 1378 266 1439 ellari
284 1378 438 1455 mediaque
458 1381 489 1438 in
510 1397 582 1439 voce
602 1381 725 1448 resistit;

61 1478 142 1522 nunc
165 1461 268 1522 eadem
289 1459 406 1521 labente
427 1460 474 1520 die
494 1463 623 1521 convivia
643 1463 768 1539 quaerit,

61 1542 222 1624 iliacosque
244 1546 351 1604 iterum
373 1543 493 1604 demens
514 1543 615 1604 audire
633 1543 750 1604 labores

62 1630 193 1705 exposcit
211 1627 380 1705 pendetque
401 1629 508 1688 iterum
529 1627 675 1687 narrantis
696 1627 733 1687 ab
752 1645 813 1687 ore.

60 1720 127 1790 post
146 1711 198 1772 ubi
220 1711 358 1789 digressi,
381 1710 540 1788 lumenque
562 1710 686 1770 obscura
704 1711 830 1770 vicissim

60 1792 129 1855 luna
150 1797 258 1872 premit
279 1795 461 1874 suadentque
481 1794 615 1855 cadentia
637 1794 734 1855 sidera
755 1812 890 1865 somnos,

59 1876 121 1938 sola
143 1879 229 1939 domo
249 1886 361 1939 maeret
382 1895 487 1947 vacua,
507 1880 665 1958 stratisque
686 1878 795 1939 relictis

59 1961 178 2023 incubat
201 1961 292 2041 (illurn
313 1961 419 2022 absens
440 1961 592 2023 absentem
613 1961 751 2041 auditque
773 1962 918 2044 videtque)

60 2052 110 2105 aut
130 2048 244 2122 gremio
267 2047 436 2114 Ascanium,
458 2047 598 2122 genitoris
618 2047 744 2124 imagine
766 2054 864 2123 capta,

57 2128 182 2200 detinet,
204 2129 356 2191 infandum
378 2130 403 2189 si
419 2129 521 2191 fallere
541 2129 635 2207 possit
656 2147 796 2190 amorem.

57 2229 117 2272 non
137 2221 257 2294 coeptae
279 2214 442 2292 adsurgunt
461 2221 573 2283 turres,
593 2231 654 2273 non
675 2231 758 2274 arma
778 2215 913 2276 iuventus

58 2303 176 2358 exercet
196 2305 335 2374 portusve
352 2303 403 2358 aut
421 2297 641 2376 propugnacula
662 2296 740 2358 bello

57 2384 118 2439 tuta
138 2387 257 2456 parant:
280 2380 410 2456 pendent
426 2398 516 2458 opera
536 2382 701 2457 interrupta
719 2382 874 2457 minaeque

56 2477 211 2522 murorum
229 2464 363 2539 ingentes
384 2470 566 2541 aequataque
587 2463 723 2522 machina
746 2461 837 2523 caelo.

100 2545 194 2616 Quam
216 2547 302 2604 simui
326 2562 361 2604 ac
380 2544 429 2603 tali
450 2547 595 2622 persensit
616 2553 699 2621 peste
716 2545 811 2605 teneri

57 2645 126 2688 cara
146 2628 221 2687 lovis
242 2629 384 2696 coniunx,
413 2645 468 2687 nec
487 2626 594 2687 lamam
615 2626 733 2688 obstare
754 2628 862 2695 furori,
976 2703 980 2710 Ι

55 2710 162 2770 talibus
183 2711 353 2787 adgreditur
373 2709 518 2771 Venerem
537 2710 672 2771 Saturnia
693 2710 790 2772 dictis:

56 2794 220 2873 ‘egregiam
238 2813 307 2855 vero
327 2792 445 2854 laudem
465 2801 494 2855 et
514 2793 606 2873 spolia
625 2793 721 2871 ampla
741 2793 858 2854 reiertis

54 2884 146 2956 tuque
166 2895 300 2957 puerque
320 2886 403 2946 tuus;
425 2896 565 2957 magnum
584 2885 613 2938 et
633 2877 824 2939 memorabile
843 2895 969 2950 nomen,

55 2979 113 3021 una
134 2961 201 3023 dolo
224 2962 320 3023 divom
341 2963 367 3022 si
388 2962 495 3023 lemina
513 2964 589 3022 victa
609 2961 737 3022 duorum
758 2968 811 3024 est.
879 3028 881 3032 ,

55 3062 110 3105 nec
129 3064 177 3106 me
198 3046 271 3107 adeo
292 3044 366 3106 fallit
387 3049 508 3106 veritam
529 3052 558 3107 te
578 3047 694 3106 moenia
711 3054 812 3107 nostra

54 3136 204 3205 suspectas
224 3129 362 3191 babuisse
384 3129 487 3190 domos
508 3129 689 3206 Carthaginis
709 3129 793 3191 altae.

53 3211 106 3271 sed
123 3213 188 3290 quis
210 3213 266 3272 erit
284 3214 405 3284 modus,
424 3220 475 3274 aut
495 3230 554 3291 quo
575 3231 654 3274 nuno
672 3214 830 3274 certamine
848 3215 946 3275 tantol

54 3296 125 3372 quin
146 3295 243 3371 potius
264 3314 367 3373 pacem
390 3303 540 3358 aeternam
559 3303 720 3375 pactosque
738 3296 915 3375 hymenaeos

54 3379 244 3439 exercemusl
265 3378 371 3450 habes,
393 3386 455 3440 tota
476 3380 555 3458 quod
575 3387 674 3441 mente
695 3380 807 3457 petisti:
1021 3393 1076 3446 100

53 3462 138 3522 ardet
155 3472 256 3521 amans
276 3461 350 3524 Dido
372 3464 517 3543 traxitque
539 3481 593 3542 per
616 3481 682 3523 ossa
703 3463 844 3524 furorem.
