2400 3878
405 227 547 274 vultuum
570 227 692 274 AENEIS
716 228 741 273 11

67 394 110 442 sat
131 383 241 459 patriae
260 382 435 459 Priamoque
456 381 571 442 datum:
598 381 622 438 si
643 380 784 458 Pergama
807 382 907 442 deutra

67 465 182 526 defendi
205 473 337 542 possent,
361 466 447 526 etiam
466 464 521 525 hac
543 463 661 524 detensa
679 465 808 525 luissent.

66 566 149 609 sacra
170 567 297 627 suosque
318 548 369 609 tibi
391 547 577 609 commendat
597 547 684 607 Troia
706 549 833 626 penatis:

66 633 120 691 hos
142 651 215 710 cape
236 632 363 693 latorum
386 633 521 702 comites,
543 631 589 691 his
608 633 723 692 moenia
745 650 869 710 quaere.

66 734 171 794 magna
192 724 345 794 pererrato
368 723 477 776 statues
500 733 575 793 quac
597 716 722 794 denique
741 715 856 793 ponto'

65 801 107 860 sic
127 801 179 869 ait,
203 810 232 861 et
251 799 386 861 matribus
408 800 491 860 vittas
514 799 687 878 Vestamque
709 806 857 877 potentem

66 893 276 963 aeternumque
297 884 389 963 adytis
412 884 495 944 ellert
513 883 717 961 penetralibus.
733 885 840 960 ignem.

107 967 225 1028 Diverso
246 968 358 1028 interea
375 969 534 1028 miscentur
554 952 673 1028 n‘mehid
679 967 787 1036 luctu,

65 1060 93 1111 et
112 1051 204 1128 magis
223 1057 310 1131 atque
330 1054 436 1130 magis,
462 1069 637 1131 quamquam
659 1059 772 1113 secreta
793 1058 921 1128 parentas

65 1135 207 1196 Anchisae
226 1135 330 1196 domus
351 1135 565 1215 arboribusque
589 1135 704 1197 obtecta
725 1136 855 1215 recessit,

65 1216 229 1279 clarescunt
249 1225 360 1281 sonitus
381 1237 591 1298 armorumque
611 1219 720 1280 infun
738 1220 855 1280 horror.

65 1304 196 1362 excutior
218 1320 336 1373 somno,
358 1311 387 1364 et
408 1306 514 1365 summi
537 1303 651 1382 fastigia·
678 1299 739 1364 ‘ecti

64 1402 187 1445 ascensu
208 1403 315 1462 supero
339 1394 426 1465 atque
448 1383 713 1448 arrectsanribus
734 1395 813 1447 asto:

64 1472 94 1528 in
117 1476 246 1553 segetem
268 1468 356 1529 veluti
377 1489 444 1530 cum
463 1470 580 1531 flamma
603 1465 896 1530 lurentib'ds‘hustris

63 1552 178 1621 incidit,
202 1561 251 1612 aut
273 1553 391 1629 rapidus
415 1562 553 1613 montano
575 1552 694 1613 llumine
718 1562 834 1614 torrens

62 1637 178 1724 st‘emit
187 1654 290 1713 agros,
315 1637 418 1697 sternit
437 1643 497 1696 sata
522 1635 596 1698 laeta
619 1631 920 1715 boroniqr'ie'iabores

63 1721 295 1798 praecipitesque
317 1720 405 1781 trahit
423 1706 643 1797 sili'as;‘s⁴lupet
662 1721 772 1794 inscius
792 1719 849 1781 alto

62 1805 209 1881 accipiens
227 1805 354 1864 sonitum
376 1806 438 1865 saxi
456 1804 492 1865 de
511 1804 623 1866 vertice
645 1811 755 1882 pastor.

63 1896 124 1947 tum
146 1905 216 1949 uero
238 1888 391 1949 manifesta
410 1889 498 1958 lides,
520 1888 710 1966 Danaumque
731 1894 885 1966 patescunt

61 1971 191 2031 insidiae.
235 1973 293 2032 iam
314 1972 457 2050 Deiphobi
479 1972 557 2033 dedit
578 1971 673 2050 ampla
697 1960 859 2033 ruinani*

64 2052 191 2115 Volcano
215 2064 407 2134 ecsuperante
426 2056 543 2125 domus,
565 2058 622 2116 iam
644 2056 796 2133 proximus
816 2056 898 2117 ardet

62 2137 225 2215 Ucalegon,
248 2140 333 2217 Sigea
354 2141 413 2218 igni
434 2140 508 2201 freta
531 2138 587 2200 lata
609 2140 752 2200 relucent.

63 2224 194 2282 exoritur
213 2222 382 2302 clamorque
403 2225 498 2285 virum
519 2222 697 2303 clangorque
716 2223 863 2285 tubarum.

61 2323 142 2365 arma
164 2324 263 2366 amens
286 2309 386 2385 capio;
407 2326 462 2369 nec
485 2316 529 2367 sat
554 2309 675 2368 rationis
696 2309 727 2366 in
750 2310 854 2377 armis,

61 2388 113 2448 sed
135 2389 299 2466 glomerare
320 2409 440 2470 manum
462 2390 539 2453 bello
563 2400 591 2453 et
613 2409 792 2453 concurrere
813 2394 844 2452 in
867 2410 966 2454 arcem
1026 2405 1077 2458 315

62 2490 129 2531 cum
150 2474 235 2532 sociis
257 2473 361 2533 ardent
383 2477 485 2543 animi;
509 2476 591 2535 furor
613 2476 716 2552 iraque
738 2482 866 2537 mentem

60 2557 268 2633 praecipitant,
290 2555 507 2634 pulchrumque
525 2558 601 2617 mori
623 2559 769 2617 succurrit
787 2560 817 2618 in
840 2562 938 2620 armis.

103 2638 180 2698 Ecce
200 2645 298 2699 autem
322 2638 385 2699 telis
406 2639 535 2700 Panthus
558 2639 673 2716 elapsus
693 2640 847 2711 Achivom,

59 2721 190 2782 Panthus
213 2721 390 2801 Othryades,
414 2725 489 2784 arcis
510 2723 684 2801 Phoebique¹
699 2725 852 2795 sacerdos,

60 2824 143 2866 sacra
165 2824 254 2869 manu
276 2807 425 2885 victosque
451 2807 523 2868 deos
544 2826 725 2887 parvomquc
747 2817 884 2887 nepotem
1025 2824 1075 2876 320

59 2893 122 2969 ipsc
140 2890 243 2961 trahit,
268 2909 415 2970 cursuque
438 2910 538 2954 amens
560 2893 596 2953 ad
618 2889 715 2953 limina
738 2893 837 2954 tendit.

63 2985 204 3057 ‘quores
223 2993 338 3045 sumana
361 2975 441 3046 loco,
462 2976 596 3038 Panthu?
617 2994 705 3054 quam
724 2978 897 3055 prendimus
920 2980 1051 3041 arcem?'

61 3058 161 3141 timi
175 3059 258 3135 ¹⁴,la-tus
280 3078 375 3130 eram,
388 3061 508 3139 'garritu
531 3080 597 3122 oum
620 3061 687 3121 talia
709 3062 817 3122 reddit:

60 3142 153 3200 ‘venit
174 3135 374 3204 summarios
394 3153 422 3205 et
443 3144 627 3206 ineluctabile
648 3153 764 3222 tempus

60 3224 230 3285 Dardaniae.
274 3226 380 3288 luimus
401 3227 508 3298 Troes,
533 3228 587 3288 tuit
603 3228 688 3288 Ilium
710 3235 738 3287 et
759 3231 862 3305 ingens
1023 3242 1070 3292 325

59 3307 151 3386 gloria
168 3307 366 3379 Teucrorum
388 3311 468 3373 serus
489 3313 586 3372 omnia
607 3311 737 3388 luppiter
759 3310 853 3389 Argos

59 3389 220 3460 transtulit;
243 3392 361 3454 incensa
381 3371 472 3456 Ιῗῐῖἱιῖί
493 3394 680 3455 dominantur
703 3393 733 3451 in
754 3392 837 3453 urbe.

60 3475 169 3591 Q
191 3483 319 3536 armatos
341 3478 443 3537 mediis
465 3480 495 3538 in
513 3477 667 3540 moenibus
687 3482 783 3535 astans

828 3575 868 3635 8·

156 3764 208 3821 Γ
