2400 3878
139 188 199 254 1⁷8
487 196 630 245 venem
653 194 779 245 annnrs
801 198 824 245 v

138 357 239 418 uictori
261 352 387 416 velatum
410 370 482 414 auro
504 353 638 430 vittisque
659 354 829 423 iuvencum,

137 458 237 502 ensem
260 446 348 516 atque
370 438 514 515 insignem
537 435 649 514 galeam
672 436 778 497 solacia
801 439 885 499 victo.

135 542 191 585 nec
212 540 312 583 mora:
336 522 474 582 continuo
496 523 582 581 vastis
602 539 669 582 cum
692 521 802 583 viribus
823 523 907 582 effert

136 626 188 668 ora
210 607 303 667 Dares
325 623 490 684 magnoque
513 605 607 666 virum
628 623 660 666 se
684 623 838 667 murmure
859 605 947 671 tollit.

135 691 215 752 solus
236 691 286 768 qui
307 690 442 750 Paridem
464 689 565 750 solitus
589 690 767 750 contendere
790 697 908 761 contra,
1118 708 1172 762 370

134 776 272 853 idemque
294 774 330 834 ad
352 773 512 842 tumulum,
534 791 593 852 quo
614 775 759 833 maximus
779 774 903 835 occubat
924 775 1034 838 Hector

136 862 276 920 victorem
296 858 391 918 Buten
412 859 522 918 inmani
544 875 684 935 corpore,
707 857 756 935 qui
777 876 809 918 se

135 943 277 1022 Bebrycia
299 941 419 1002 veniens
444 943 544 1021 Amyci
567 942 603 1001 de
627 950 712 1019 gente
736 942 864 1013 ferebat,

136 1026 262 1106 perculit
282 1033 310 1085 et
331 1024 408 1086 fulva
430 1025 640 1086 moribundum
664 1026 794 1086 extendit
815 1026 936 1087 harena.

135 1111 200 1171 talis
222 1111 316 1188 prima
338 1109 429 1170 Dares
451 1117 538 1187 caput
559 1109 649 1168 altum
673 1111 702 1168 iu
724 1109 835 1186 proelia
858 1109 946 1180 tollit,

137 1194 321 1272 ostenditque
343 1211 462 1254 umeros
484 1193 558 1254 latos
581 1192 751 1271 alternaque
773 1194 859 1255 iactat

136 1278 273 1341 nracciria
295 1278 475 1356 protendens
497 1286 525 1338 et
547 1277 682 1337 verberat
704 1278 810 1338 ictibus
832 1296 928 1339 auras.

137 1363 287 1442 quaeritur
309 1361 377 1422 huic
399 1362 488 1430 alius;
512 1379 567 1422 nec
589 1363 743 1439 quisquam
765 1381 800 1423 ex
822 1363 937 1441 agmine
958 1371 1044 1426 tanto

136 1448 222 1508 audet
245 1446 325 1507 adire
346 1446 441 1507 virum
463 1444 659 1523 manibusque
680 1446 821 1507 inducere
845 1453 969 1508 caestus.

136 1548 207 1608 ergo
228 1530 332 1592 alacris
354 1539 534 1608 cunctosque
558 1538 665 1608 putans
688 1530 831 1591 excedere
852 1529 948 1608 palma

134 1619 250 1677 Aeneae
272 1614 350 1675 stetit
371 1623 438 1676 ante
460 1615 565 1692 pedes,
589 1633 644 1675 nec
665 1613 750 1691 plura
775 1624 906 1676 moratus

135 1710 196 1759 tum
217 1698 298 1759 laeva
320 1707 438 1760 taurum
462 1717 554 1758 cornu
574 1705 655 1758 tenet
674 1705 761 1776 atque
783 1699 821 1759 ita
840 1700 933 1760 fatur:

137 1791 219 1843 ‘nate
242 1784 312 1853 dea,
334 1784 465 1843 sinemo
487 1782 575 1842 audet
596 1801 627 1842 se
651 1783 773 1843 credere
795 1799 927 1861 pugnae,

135 1885 210 1946 quae
234 1868 300 1926 finis
320 1866 433 1925 standi?
455 1883 513 1943 quo
534 1883 581 1926 me
604 1866 688 1926 decet
711 1884 804 1945 usqne
826 1867 937 1928 tenerit

135 1952 244 2011 ducere
264 1950 340 2009 dona
363 1947 457 2010 iube'
502 1950 598 2009 cuncti
615 1949 701 2010 simul
725 1969 777 2011 ore
800 1950 964 2012 fremebant

135 2034 317 2100 Dardanidae
339 2033 481 2112 reddique
504 2034 566 2093 viro
589 2035 733 2113 promissa
756 2034 906 2096 iubebant.

134 2118 182 2178 iric
205 2120 300 2197 gravis
322 2117 470 2178 Entellum
489 2118 573 2178 dictis
595 2121 716 2196 castigat
738 2119 872 2188 Acestes,

133 2205 285 2280 proximus
307 2210 339 2262 ut
360 2202 503 2263 viridante
524 2210 590 2262 toro
612 2203 786 2264 consederat
803 2202 929 2265 herbae:

135 2285 262 2347 ‘Entello
297 2287 422 2347 heroum
445 2287 593 2364 quondam
614 2287 769 2348 fortissime
792 2288 915 2357 frustra,

133 2379 251 2431 tantane
270 2378 329 2430 tam
351 2372 465 2449 patiens
485 2370 566 2432 nullo
589 2374 748 2432 certamine
769 2370 832 2431 tolli

134 2457 209 2516 dona
230 2455 327 2516 sines?
350 2454 400 2516 ubi
422 2473 501 2516 nunc
521 2455 607 2515 nohis
625 2455 697 2517 deus
717 2454 765 2516 iile
785 2455 940 2532 magister,

133 2540 310 2619 nequiquam
328 2548 508 2601 memoratus
530 2541 625 2620 Eryx?
646 2539 697 2600 ubi
719 2539 796 2600 fama
818 2554 1010 2616 peromnem

132 2625 312 2685 Trinacriam
337 2633 366 2685 et
387 2625 478 2702 spolia
499 2624 547 2685 ilia
566 2625 622 2685 tuis
643 2623 800 2702 pendentia
821 2621 938 2684 tectisi'

133 2707 180 2769 ille
203 2708 257 2769 sub
278 2709 367 2770 haec:
396 2720 470 2768 ‘non
491 2708 586 2770 laudis
608 2727 691 2769 amor
714 2726 769 2770 nec
791 2707 883 2786 gloria
905 2707 992 2767 cessit

132 2792 216 2870 pulsa
234 2800 329 2861 metu;
354 2791 405 2852 sed
417 2795 494 2853 enim
517 2792 629 2870 gelidus
652 2792 785 2853 tardante
802 2797 919 2853 senecta

132 2878 250 2952 sanguis
272 2874 376 2942 hebet,
397 2875 561 2952 frigentque
584 2875 686 2935 effetae
707 2878 737 2935 in
759 2893 883 2954 corpore
903 2875 989 2940 vires.

132 2959 156 3017 si
178 2957 262 3027 mihi,
287 2976 361 3036 quae
383 2958 530 3035 quondam
547 2958 642 3018 iuerat
665 2977 781 3037 quaque
803 2958 956 3039 improbus
975 2959 1035 3022 iste

134 3040 242 3102 exrdtat
262 3041 371 3109 fidens,
395 3041 419 3099 si
444 3058 523 3101 nunc
542 3040 618 3102 foret
639 3041 687 3102 illa
708 3044 854 3114 iuventas,

132 3124 202 3185 haut
224 3125 358 3204 equidem
373 3126 468 3202 pretio
490 3125 627 3186 inductus
648 3127 832 3206 pulchroque
854 3129 976 3188 iuvenco

132 3211 290 3279 venissem,
313 3227 368 3270 nec
391 3209 466 3269 dona
487 3208 611 3270 moror!
656 3213 697 3271 sic
720 3211 824 3272 deinde
844 3212 960 3272 locutus

132 3293 160 3353 in
183 3293 310 3354 medinm
332 3296 464 3371 geminos
481 3296 590 3354 inmani
610 3295 741 3373 pondere
764 3305 894 3365 caestus,

132 3378 270 3456 proiecit,
293 3377 399 3457 quibus
419 3397 486 3441 acer
509 3379 587 3459 Eryx
608 3381 637 3439 in
659 3379 770 3457 proelia
791 3387 891 3442 suetus

133 3461 212 3523 ferre
234 3481 352 3524 manum
376 3463 508 3545 duroque
527 3463 680 3526 intendere
702 3464 840 3526 bracchia
860 3471 952 3541 tergo.
1059 3544 1062 3549 Ι
