2400 3878
387 184 530 272 vitutum
550 223 676 272 numme
693 223 748 270 1111

60 380 123 458 ipse
143 376 251 438 molam
271 378 464 457 manibusque
486 379 542 456 piis
561 377 662 438 altaria
683 376 762 437 iuxta

59 478 200 541 spargens
219 462 317 522 umida
337 460 423 521 mella
444 462 699 540 soporiferumque
718 478 858 538 papaver,
1017 470 1069 526 486

59 564 151 606 unum
173 552 258 606 exuta
280 546 385 623 pedem
407 544 519 614 rinolis,
541 546 571 605 15
592 551 670 604 veste
691 545 833 611 recincta,
1018 554 1069 609 555

58 636 180 690 testatur
202 628 343 688 moriture
364 627 435 688 deos
458 637 486 689 et
507 629 623 689 conseia
647 628 697 687 lati

58 713 169 780 sidera;
187 720 263 780 tum,
287 712 392 789 siquod
413 729 472 772 non
491 729 584 790 aequo
605 712 724 773 foedere
746 712 867 771 amantis
1019 719 1071 773 550

59 814 149 856 curae
169 813 278 856 numen
300 795 389 856 habet
409 796 576 874 iustumque
598 812 784 873 memorque,
807 800 952 872 precatur.

100 879 164 939 Nox
191 888 268 949 erat,
291 887 320 941 et
338 878 484 957 placidum
506 878 665 957 carpebant
685 879 761 940 lessa
782 895 918 956 soporem

59 980 182 1039 corpora
203 981 256 1040 per
279 972 388 1031 terras,
408 962 554 1042 silvaeque
575 970 709 1024 etsaera
729 962 863 1040 quierant

58 1064 200 1124 aequora.
225 1063 292 1106 cum
313 1048 410 1107 medio
432 1046 585 1108 volventur
606 1046 702 1108 sidera
721 1046 821 1123 lapsu,

59 1148 124 1207 cum
148 1137 223 1190 tacet
246 1132 340 1191 omnis
360 1146 446 1207 ager,
465 1131 593 1208 pecudes
611 1132 764 1210 pictaeque
787 1127 933 1196 volucres
1018 1136 1069 1189 555

59 1230 191 1291 quaeque
211 1211 293 1274 lacus
313 1213 371 1275 late
391 1214 516 1292 liquidos
539 1233 671 1293 quaeque
693 1231 796 1292 aspera
818 1212 913 1273 dumis

58 1313 128 1356 rura
147 1303 262 1365 tenent,
283 1314 386 1356 somno
408 1299 519 1375 positae
540 1297 594 1358 sub
617 1306 702 1358 noete
725 1295 829 1357 silenti.
1019 1302 1068 1356 snt

58 1385 86 1438 at
107 1396 165 1437 non
184 1377 283 1439 infelix
305 1381 394 1439 animi
415 1381 586 1451 Phoenissa,
606 1399 702 1459 neque
723 1396 862 1457 umquam
1020 1385 1070 1440 559

57 1462 178 1522 solvitur
198 1463 228 1522 in
250 1479 369 1522 somnos
389 1462 517 1523 oculisve
539 1472 588 1523 aut
609 1471 729 1540 pectore
748 1470 864 1522 noctem
931 1435 937 1565 f

58 1546 178 1623 accipit:
200 1546 381 1622 ingeminant
402 1562 505 1614 curae,
528 1563 690 1622 rursusque
710 1559 869 1621 resurgens

57 1631 148 1689 saevit
165 1646 261 1696 amor,
284 1646 449 1706 magnoque
471 1629 582 1688 irarum
604 1627 725 1688 fluctuat
745 1632 836 1687 aestu.

57 1714 99 1773 sio
120 1712 193 1773 adeo
216 1711 321 1771 insistit
341 1728 499 1789 secumque
522 1712 561 1771 ita
581 1710 670 1772 corde
690 1709 811 1770 volutat:

74 1813 111 1857 en
134 1796 205 1873 quid
226 1795 301 1871 agol
323 1809 464 1855 rursusne
485 1812 592 1873 procos
614 1795 702 1854 inrisa
723 1794 837 1872 priores

58 1880 208 1956 experiar,
231 1877 453 1956 Nomadumque
474 1885 570 1956 petam
594 1877 718 1938 conubia
740 1875 877 1954 supplex,
1019 1885 1069 1941 555

58 1981 132 2040 quos
153 1980 207 2039 ego
228 1963 283 2023 sim
299 1963 405 2023 totiens
425 1979 482 2022 ram
505 1961 658 2039 dedignata
680 1961 816 2022 maritos?

56 2045 158 2107 iliacas
180 2046 268 2123 igitur
288 2045 394 2107 classes
414 2052 502 2124 atque
523 2045 623 2106 ultima
646 2045 793 2106 Teucrum

56 2132 134 2191 iussa
156 2131 280 2208 sequar?
302 2130 409 2208 quiane
431 2128 537 2190 auxilio
557 2131 634 2190 iurat
655 2137 722 2190 ante
742 2127 850 2188 levatos

57 2221 85 2274 et
108 2214 184 2274 bene
205 2211 282 2291 apud
298 2231 444 2275 memores
462 2214 568 2274 veteris
586 2220 642 2273 stat
664 2214 756 2291 gratia
778 2211 863 2270 155111

57 2301 122 2375 quis
144 2303 320 2365 meantem,
344 2296 390 2357 155
412 2296 500 2367 velle,
522 2298 597 2358 sinet
617 2291 764 2358 ratibusve
781 2295 916 2371 superbis
1018 2303 1070 2359 540

56 2381 177 2440 invisam
202 2380 342 2457 accipiet?
362 2381 457 2441 nescis
475 2382 548 2448 heu,
571 2379 698 2457 perdita,
719 2376 845 2439 necdum

58 2462 290 2522 Laomedonteae
313 2464 404 2523 sentis
425 2464 554 2540 periuria
576 2461 688 2538 gentis?

56 2546 127 2622 quid
150 2546 230 2604 turni
253 2543 314 2604 5515
337 2545 405 2620 iuga
431 2552 533 2605 nautas
556 2543 717 2603 comitabor
738 2543 865 2602 ovantis?

56 2647 94 2689 55
116 2628 211 2705 Tyriis
232 2628 369 2706 omnique
391 2645 480 2688 manu
501 2629 604 2704 stipata
623 2644 756 2686 meorum

56 2712 166 2773 inserar
189 2718 217 2771 et
236 2728 310 2789 quos
331 2710 448 2771 Sidonia
470 2710 516 2769 rix
539 2709 613 2770 urbe
626 2707 746 2777 revelli,
1018 2715 1069 2770 545

55 2813 160 2855 rursus
182 2812 266 2873 agam
286 2793 391 2872 pelago
414 2802 443 2855 et
462 2794 554 2855 ventis
575 2793 645 2853 dare
665 2791 728 2852 vela
749 2791 874 2853 iubebo?

56 2880 127 2956 quin
149 2897 283 2947 morere,
305 2886 337 2938 ut
357 2878 460 2939 merita
482 2895 527 2946 es,
549 2878 687 2955 ferroque
710 2884 807 2937 averte
831 2873 971 2935 dolorem.
1017 2883 1067 2937 547

55 2981 114 3022 555
135 2962 215 3023 licuit
236 2960 355 3023 thalami
377 2970 527 3040 expertem
548 2963 610 3022 sine
633 2960 753 3021 crimine
771 2961 858 3020 vitam
1017 2967 1068 3021 555

55 3045 179 3123 degere,
202 3063 285 3106 more
305 3046 400 3116 ierac,
422 3044 487 3106 talis
508 3063 564 3105 nee
585 3054 707 3122 tangere
729 3061 828 3112 curas;

58 3147 117 3188 non
139 3136 251 3189 servata
274 3129 345 3189 tides
368 3131 459 3191 cineri
480 3130 624 3207 promissa
641 3126 791 3206 Sychaeo!

57 3219 152 3272 tantos
173 3211 220 3272 illa
241 3230 294 3273 suo
316 3212 472 3290 rumpebat
492 3219 612 3290 pectore
634 3219 762 3288 questus,

97 3296 209 3355 Aeneas
232 3293 307 3356 celsa
330 3297 360 3355 in
382 3297 487 3374 puppi,
509 3297 565 3355 iam
587 3302 685 3356 certus
706 3294 809 3362 eundi,

55 3465 175 3522 lenibant
196 3482 289 3529 curas,
312 3473 341 3522 et
363 3466 444 3522 corda
467 3465 552 3522 oblita
573 3464 704 3521 laborum.

798 3561 830 3621 ll
841 3556 854 3582 ’
