2400 3878
397 215 537 264 vitutum
560 214 685 263 Anulus
708 216 734 262 11

58 371 205 451 quondam
227 370 314 432 etiam
334 370 416 430 victis
436 370 514 431 redit
534 370 564 429 in
583 369 756 447 praecordia
777 371 883 443 virtus,

58 459 240 533 victoresque
261 454 368 515 cadunt
390 454 489 514 Danai.
534 453 661 514 crudelis
682 453 792 531 ubique

56 539 168 609 luctus,
189 537 299 616 ubique
320 556 410 615 pavor
430 544 459 597 et
479 536 604 614 plurima
627 539 729 598 mortis
750 539 857 616 imago.

98 623 213 682 Primus
234 639 265 683 se
288 621 419 681 Danaum
440 637 546 697 magna
569 622 725 682 comitante
745 632 859 682 caterva

56 705 227 783 Androgeos
250 706 335 765 offert
354 704 454 776 nobis,
478 706 555 765 socia
577 706 691 781 agmina
715 705 852 775 credens,

56 791 178 858 inscius,
202 796 290 867 atque
309 788 386 850 ultro
410 789 507 850 verbis
529 787 685 867 compellat
707 790 822 850 amicis:

57 874 218 943 ⁴festinate,
239 873 301 934 viri.
346 891 413 932 nam
436 880 588 951 quae'tam
609 890 674 934 sera
696 880 828 934 moratur

56 957 211 1033 segnities?
233 955 280 1016 alii
301 958 419 1035 rapiunt
440 959 560 1018 incensa
584 957 739 1035 feruntque

56 1041 214 1119 Pergama;
237 1058 288 1100 ros
308 1040 393 1101 celsis
416 1058 494 1102 nunc
517 1043 645 1120 primum
665 1059 681 1101 a
704 1039 827 1101 navibus
847 1039 928 1101 itist‘

56 1125 145 1194 dixit,
170 1133 198 1184 et
220 1124 366 1202 extemplo
390 1125 494 1204 (neque
517 1126 595 1186 enim
618 1141 758 1202 responsa
781 1123 925 1186 dabantur

56 1208 111 1268 lida
133 1209 211 1287 satis)
235 1210 325 1269 sensit
345 1209 457 1269 medios
477 1209 613 1287 delapsus
636 1210 665 1269 in
686 1203 788 1269 hostis

56 1293 194 1369 opstipuit
216 1300 355 1369 retroque
378 1293 484 1370 pedem
507 1312 574 1355 cum
595 1311 666 1354 voce
688 1293 836 1370 repressit.

55 1376 234 1452 inprovisum
255 1377 348 1452 aspris
369 1375 457 1436 veluti
480 1378 529 1454 qui
552 1376 681 1437 sentibus
704 1394 830 1453 anguem

56 1460 161 1536 pressit
183 1458 263 1517 liumi
287 1460 399 1528 nitens,
421 1460 613 1537 trepidusque
633 1469 753 1537 repente
776 1460 883 1536 refugit

56 1541 235 1602 attollentem
258 1542 317 1601 iras
338 1550 367 1603 et
390 1543 507 1602 caerula
529 1541 602 1603 oolla
624 1549 799 1602 tumentem:

55 1625 126 1686 haut
147 1642 232 1685 secus
253 1625 425 1704 Androgeos
448 1627 509 1686 visu
532 1626 718 1686 tremefactus
741 1624 847 1686 abibat.

56 1710 201 1769 innuimus
223 1709 321 1769 densis
344 1720 372 1770 et
392 1708 655 1769 circumfundimur
677 1710 780 1778 armis,

56 1795 234 1871 ignarosque
255 1790 312 1852 loci
330 1794 439 1869 passim
462 1802 491 1854 et
513 1793 668 1853 formidine
690 1803 790 1870 captos

55 1878 229 1937 sternimus:
252 1876 382 1953 adspirat
405 1877 501 1955 primo
524 1877 654 1937 Fortuna
678 1875 780 1936 labori.

56 1969 143 2038 atque
164 1960 211 2019 bic
233 1978 373 2021 successu
396 1961 528 2021 enrltans
550 1961 712 2038 animisque
735 1959 886 2021 Coroebus

55 2053 88 2104 ‘o
112 2045 197 2113 socii,
219 2062 275 2123 qua
297 2045 406 2122 prima'
426 2046 521 2123 inquit
542 2045 673 2106 ‘fortuna
695 2043 794 2105 salutis

55 2135 197 2187 monstrat
218 2129 290 2196 iter,
314 2146 429 2207 quaque
454 2129 580 2190 ostendit
602 2146 635 2189 se
657 2128 772 2197 dextra,
794 2146 966 2207 sequamur:

39 2222 200 2272 mutemus
219 2211 343 2288 clipeos,
364 2213 554 2291 Danaumque
573 2213 696 2290 insignia
718 2210 803 2272 nobis

56 2304 198 2371 aptemus.
243 2295 326 2356 dolus
348 2314 384 2356 an
406 2298 510 2366 uirtus,
534 2297 599 2378 quis
619 2297 650 2355 in
670 2295 755 2357 hoste
776 2295 924 2375 requirat?

56 2396 136 2437 arma
160 2378 266 2437 dabunt
290 2378 369 2456 ipsi'
413 2382 455 2440 sic
477 2380 553 2440 fatus
575 2380 680 2441 deinde
702 2386 866 2440 comantem

54 2461 202 2538 Androgei
224 2460 336 2537 galeam
359 2461 500 2540 clipeique
522 2465 635 2539 insigne
658 2462 798 2523 decorum

55 2545 185 2604 induitur
206 2543 350 2627 lateriqqe
368 2546 505 2620 Argivom
527 2545 727 2605 accommodat
751 2563 859 2606 ensem.

56 2628 112 2687 hoc
134 2627 279 2706 liipheus,
303 2627 360 2686 lroc
381 2628 444 2704 ipse
466 2628 572 2705 Dymas
593 2630 747 2705 omnisque
768 2629 901 2688 iuventus

55 2711 129 2771 laeta
152 2711 235 2778 facit;
259 2708 359 2787 spoliis
380 2727 411 2770 se
433 2711 556 2788 quisque
578 2710 745 2771 recentibus
765 2720 867 2772 armat.

57 2794 187 2855 vadimus
206 2794 318 2855 inmixti
340 2793 445 2854 Danais
468 2794 545 2855 haud
566 2795 686 2855 numine
707 2802 823 2865 nostro,

56 2877 203 2958 multaque
224 2896 278 2956 per
302 2896 418 2938 caecam
442 2881 591 2957 congressi
612 2877 723 2958 proelia
744 2886 860 2940 noctem

56 2964 251 3031 conserimus,
275 2961 383 3022 multos
407 2962 536 3023 danaum
559 2963 735 3024 demittimus
758 2962 844 3024 Orco.

57 3047 208 3123 diffugiunt
230 3045 277 3107 alii
300 3046 335 3106 ad
357 3048 437 3107 navis
460 3055 488 3108 et
507 3046 592 3108 litora
614 3065 702 3108 cursu

56 3130 111 3190 dda
133 3139 250 3208 petunt,
273 3148 342 3209 pars
363 3132 511 3209 ingentem
534 3131 689 3192 formidine
708 3132 788 3208 turpi

55 3214 198 3274 scandunt
219 3232 322 3275 rursus
346 3232 430 3276 ecum
452 3224 481 3276 et
501 3225 569 3276 nota
592 3215 758 3275 conduntur
773 3215 803 3273 in
826 3212 898 3274 alto.

97 3295 160 3357 lieu
183 3297 254 3358 nihil
275 3299 370 3358 invitis
392 3300 436 3366 fas
459 3317 636 3377 quemquam
657 3298 748 3358 fidere
771 3297 855 3358 divisf

56 3397 125 3439 ecce
146 3381 317 3442 trahebatur
339 3384 432 3460 passis
453 3384 596 3444 Priameia
618 3381 700 3458 virgo

56 3463 185 3524 crinibus
208 3482 224 3525 a
245 3464 355 3543 templo
379 3467 540 3528 Cassandra
563 3466 715 3546 adytisque
735 3463 895 3535 blinervae.
