2454 3936
148 195 206 255 tto
483 203 625 251 vunomr
648 205 774 254 auunrs
797 205 820 251 v

144 370 311 440 praetcrea,
335 363 359 420 si
378 378 454 420 nona
476 361 552 420 diem
575 358 746 419 mortalibus
765 358 872 420 almum

143 451 257 505 Aurora
277 442 412 505 extulerit
430 444 578 521 radiisque
600 443 739 503 retexerit
761 443 880 513 orbem,

144 530 238 606 prima
262 529 335 588 citae
357 527 478 589 Teucris
499 543 607 605 ponam
629 527 787 587 certamina
811 526 926 596 classis;

144 613 252 690 quique
273 612 381 691 padum
404 629 492 672 cursu
513 609 587 671 valet
609 617 637 669 et
659 608 708 686 qui
730 609 838 671 viribus
858 611 950 672 audax

144 704 194 755 aut
215 694 308 756 iaculo
333 694 440 756 incedit
462 695 566 755 melior
591 692 760 770 levibusque
781 696 905 770 sagittis,

144 797 196 840 seu
220 778 310 839 crudo
333 777 394 838 fidit
416 796 544 856 pugnam
565 778 746 837 committere
770 787 884 846 caestu,

145 864 241 923 cuncti
259 860 352 921 adsint
373 862 553 940 meritaeque
569 867 722 937 expectent
744 864 872 937 praemia
893 862 1006 939 palmae
1124 873 1156 923 to

144 963 195 1006 ore
215 945 306 1006 latete
329 963 430 1006 omues
453 952 480 1005 et
503 946 608 1022 cingite
631 955 763 1021 tempora
784 945 897 1005 ramis'

186 1029 234 1088 Sic
257 1028 333 1089 latus
355 1029 429 1089 velat
450 1036 582 1089 materna
607 1037 739 1105 tempora
762 1036 865 1105 myrto.

145 1112 200 1172 hoc
222 1111 360 1190 Helymus
382 1113 464 1181 lacit,
488 1111 545 1171 boc
567 1111 629 1172 aevi
648 1118 780 1171 maturus
801 1112 934 1180 Acestes,

144 1196 200 1255 hoc
221 1213 294 1273 puer
316 1197 472 1264 Ascanius,
495 1197 625 1275 sequitur
646 1210 720 1272 quos
738 1201 833 1255 cetera
858 1194 959 1272 pubes.

144 1278 191 1339 ille
213 1298 229 1340 e
249 1278 370 1339 concilio
388 1278 484 1340 multis
507 1297 574 1339 curn
596 1277 714 1338 milibus
732 1277 791 1338 ibat
1122 1290 1156 1344 75

144 1363 180 1423 ad
203 1361 360 1431 tumulum,
383 1378 488 1439 magna
509 1362 624 1423 medius
643 1361 798 1422 eomitante
821 1369 946 1422 caterva.

143 1446 191 1506 hic
214 1447 272 1506 duo
294 1448 348 1506 rite
370 1463 452 1506 mero
473 1445 567 1506 libans
589 1444 737 1506 carchesia
758 1444 872 1504 Baccho

144 1530 237 1590 fundit
257 1529 353 1598 humI,
377 1530 434 1590 duo
452 1530 526 1592 lacte
549 1547 640 1598 novo,
664 1528 721 1588 duo
743 1530 885 1604 sanguine
902 1546 1001 1596 sacro,

144 1631 367 1692 purpureosque
388 1616 455 1674 iacit
477 1613 565 1675 llores
587 1631 621 1674 ac
643 1611 709 1672 talia
732 1612 822 1671 latur:

145 1697 253 1765 ‘salve,
276 1705 375 1757 sancte
400 1715 522 1775 parens:
544 1700 652 1758 iterum
674 1695 797 1762 salvete,
821 1697 932 1772 recepti
1121 1707 1155 1759 80

145 1781 322 1856 nequiquam
345 1781 460 1841 cineres
480 1781 651 1856 animaeque
674 1777 854 1855 umbraeque
878 1780 1027 1854 paternae!

143 1879 201 1921 non
219 1861 299 1922 licuit
320 1862 385 1921 linis
402 1862 488 1922 ltalos
511 1863 664 1941 fataliaque
686 1877 753 1919 arva

143 1963 199 2005 nec
220 1954 317 2005 tecum
338 1947 514 2015 Ausonium,
542 1947 719 2023 quicumque
741 1949 798 2012 est,
826 1962 969 2022 quaerere
990 1943 1138 2024 Thybrim.

143 2029 255 2089 dixerat
276 2028 363 2099 haec,
387 2028 479 2108 adytis
502 2047 569 2089 cum
589 2027 720 2089 lubricus
742 2028 845 2105 anguis
867 2028 904 2088 ab
923 2029 987 2088 imis

143 2120 254 2189 septem
272 2116 375 2190 iugens
396 2130 496 2191 gyros,
518 2119 637 2189 septena
660 2110 806 2172 volumina
827 2113 928 2182 traxit,
1119 2122 1152 2176 85

145 2193 295 2273 amplexus
317 2195 430 2274 placide
449 2195 593 2257 tumulum
616 2195 772 2274 lapsusque
793 2213 847 2272 per
868 2211 947 2263 aras,

144 2278 294 2341 caeruleae
316 2281 361 2339 cui
382 2288 464 2357 terga
486 2287 573 2340 notae
596 2279 762 2340 maculosus
783 2286 811 2338 et
832 2295 903 2338 auro

143 2380 294 2440 squamam
315 2363 488 2425 incendebat
503 2363 614 2441 fulgor,
637 2381 691 2424 ceu
715 2359 843 2423 nubibus
861 2377 947 2421 arcus

144 2445 219 2508 mille
236 2448 303 2507 iacit
325 2449 419 2507 varios
440 2449 562 2509 adverso
584 2446 645 2508 sole
667 2445 788 2510 colores.

143 2531 281 2611 obstipuit
303 2532 363 2592 visu
386 2533 507 2594 deneas.
551 2531 599 2593 ille
619 2532 733 2610 agmine
755 2528 842 2605 longo

142 2614 258 2676 tandem
277 2616 353 2675 inter
374 2624 490 2694 pateras
513 2624 541 2677 et
561 2616 632 2676 levia
655 2614 759 2693 pocula
783 2630 906 2691 serpens

141 2697 296 2778 libavitque
316 2698 405 2777 dapes
427 2718 587 2779 rursusque
609 2700 744 2758 innoxius
764 2698 822 2756 imo

142 2784 281 2842 successit
300 2781 411 2842 tumulo
434 2792 461 2843 et
483 2784 600 2860 depasta
623 2780 723 2841 altaria
742 2780 832 2859 liquit.

141 2863 197 2922 hoc
219 2866 311 2943 magis
330 2866 462 2941 inceptos
483 2866 606 2940 genitori
625 2866 766 2923 instaurat
787 2863 932 2931 honores,

141 2947 282 3015 incertus,
308 2948 464 3025 geniumne
485 2946 542 3006 loci
564 2945 743 3007 famulumne
764 2945 894 3022 parentis

141 3047 204 3092 esse
223 3037 322 3108 putet:
345 3030 438 3089 caedit
458 3029 541 3090 binas
564 3031 600 3091 de
620 3048 702 3090 more
723 3028 848 3090 bidentis

140 3120 239 3193 totque
261 3132 343 3184 sues,
366 3113 484 3175 totidem
504 3115 644 3191 nigrantis
665 3120 746 3190 terga
769 3113 920 3181 iuvencos,

140 3199 262 3277 vinaque
285 3196 425 3259 lundebat
442 3199 551 3276 pateris
573 3200 756 3276 animamque
779 3194 899 3256 vocabat

140 3282 283 3344 Anchisae
304 3283 401 3358 magni
423 3284 574 3361 manisque
590 3283 754 3343 Acheronte
774 3280 920 3341 remissos.

142 3383 274 3427 necnon
298 3373 325 3427 et
345 3368 428 3436 socii,
451 3386 525 3448 quaa
548 3369 651 3446 cuique
670 3373 713 3427 est
731 3366 828 3443 copia,
851 3363 918 3424 laeti

140 3449 214 3510 dona
238 3451 350 3518 lerunt,
374 3459 497 3512 onerant
517 3469 582 3512 aras
601 3457 788 3528 mactantque
809 3449 960 3512 iuvencos.
