2400 3878
428 193 572 242 vnnnlnl
587 193 712 242 nonnis
729 194 764 240 VI

97 352 219 413 floribus
241 349 369 410 insidunt
390 348 476 409 variis
501 355 529 409 et
550 348 671 409 candida
688 348 799 407 circum

97 435 154 497 iilia
175 433 352 501 tunduntur,
373 433 476 510 strepit
497 433 591 491 omnis
613 448 764 491 murmure
787 446 915 509 campus.

96 519 240 579 horrescit
262 517 323 577 risu
342 515 437 576 subito
461 533 621 592 causasque
640 515 763 592 requirit
1057 519 1108 578 711

97 603 203 663 inscius
225 601 350 669 Aeneas,
374 617 449 677 quae
471 599 527 658 sint
550 617 583 659 ea
603 598 722 658 ssumina
740 615 847 676 porro,

97 687 182 763 quive
203 685 257 744 viri
279 690 358 743 tanto
380 681 554 761 complerint
572 683 685 760 agmine
703 684 790 758 ripas.

95 776 156 828 tum
178 775 260 845 pater
282 765 423 826 Anchises
445 766 588 833 ‘animae‚
611 764 717 842 quihus
736 764 828 826 altera
850 763 907 823 fato

97 868 221 928 corpora
244 849 403 918 debentur,
424 847 541 908 Lethaei
561 848 597 908 ad
619 848 746 909 huminis
766 849 875 910 undam

95 951 216 995 securos
239 932 337 993 latices
359 940 388 992 et
408 929 495 1009 longa
518 931 621 992 oblivia
643 939 752 1009 potant.
1058 937 1107 993 715

95 1015 186 1097 *[1111
206 1016 341 1094 equidem
362 1031 527 1076 memorare
548 1015 599 1075 tihi
621 1022 708 1093 atque
730 1015 884 1076 ostendere
907 1010 1021 1091 coram]

95 1099 268 1177 iampridem
289 1098 365 1159 hanc
386 1098 500 1177 prolem
523 1101 609 1177 cupio
631 1117 804 1160 enumcrare
826 1115 975 1165 meorum,

48 1200 153 1272 Apo
174 1183 265 1260 magis
288 1181 367 1243 iteha
388 1200 504 1243 mecum
526 1180 634 1266 laetere
656 1180 799 1261 reperta'
1017 1182 1090 1306 ‚p

96 1274 129 1323 ‘o
152 1275 251 1345 pater,
269 1283 344 1326 anne
364 1264 474 1343 aliquas
495 1266 531 1326 ad
553 1266 665 1326 caelum
689 1266 758 1327 hinc
779 1268 824 1326 iro
841 1263 1031 1343 putandumst

95 1348 226 1409 sublimis
249 1350 358 1408 animas
375 1349 541 1425 iterumque
559 1349 596 1409 ad
614 1349 697 1409 tarda
718 1350 825 1410 reverti
1057 1355 1108 1410 tao

97 1432 240 1510 corporat
263 1450 337 1508 quae
358 1430 432 1490 lucis
451 1433 565 1491 miseris
584 1440 642 1492 tam
665 1432 727 1492 dira
745 1429 881 1509 cupidoi’

98 1516 208 1574 ‘dicam
232 1514 367 1591 equidem
389 1531 444 1573 neo
465 1521 494 1573 te
515 1530 704 1590 suspensum,
728 1521 811 1584 nate,
830 1506 950 1573 teneh'o

96 1600 216 1676 suscipit
236 1597 392 1666 Anchises,
417 1603 504 1674 atque
528 1597 630 1657 ordine
651 1596 763 1673 singula
787 1596 896 1674 pandit.

98 1682 254 1759 'principio
277 1678 389 1740 caelum
411 1698 445 1740 ac
466 1687 575 1740 terram
596 1697 772 1759 camposque
789 1679 925 1763 liquentis

95 1766 300 1842 lucentemque
320 1762 440 1841 globum
462 1762 548 1824 lunae
570 1763 741 1841 Titaniaque
762 1772 839 1824 astra
1058 1770 1109 1827 iat

96 1850 215 1926 spiritus
233 1848 310 1907 intus
332 1845 394 1916 alit,
417 1854 565 1926 totamque
587 1848 680 1908 intusa
703 1864 757 1925 per
780 1854 859 1908 artus

96 1949 178 1992 mens
201 1932 288 2008 agitat
309 1930 416 2017 molepr
436 1939 464 1990 et
486 1947 593 2008 magno
615 1949 646 1992 se
667 1948 792 2009 corpore
811 1932 923 1991 miscet.

95 2015 162 2075 inde
182 2015 333 2074 hominum
357 2014 562 2093 pecudumque
583 2032 676 2094 genus
698 2016 830 2093 vitaeque
852 2013 998 2074 volantum

96 2106 123 2159 et
143 2116 217 2177 qnae
239 2115 405 2159 marmoreo
424 2098 481 2159 tert
503 2105 632 2159 monstra
654 2097 708 2159 sub
732 2115 861 2177 aequore
881 2106 997 2176 pontus.

95 2185 197 2258 igneus
222 2189 265 2242 est
283 2180 346 2241 ollis
368 2183 450 2258 vigor
473 2190 502 2244 et
525 2181 656 2244 caelestis
679 2184 761 2258 origo
1058 2188 1109 2244 730
1180 2254 1182 2258 χ

95 2265 268 2334 seminibus,
292 2272 431 2342 quantum
450 2284 510 2326 non
533 2282 656 2343 corpora
677 2283 763 2326 noxra
784 2264 899 2325 tardant
1078 2246 1139 2321 Wi'

96 2349 265 2425 terrenique
288 2347 426 2409 hebetant
448 2356 528 2409 artus
549 2348 783 2426 moribundaque
805 2347 947 2408 membra.
1027 2379 1030 2383 >

95 2431 162 2490 hinc
184 2437 317 2491 metuunt
342 2433 534 2510 cupiuntque,
558 2430 657 2492 dolent
675 2429 875 2508 gaudentque,
902 2430 1000 2508 neque
1023 2395 1166 2490 anim*-
1193 2445 1196 2452 ’

95 2514 251 2591 dispiciunt
274 2513 389 2574 clausae
409 2514 538 2574 tenebris
563 2521 590 2574 et
613 2531 732 2573 carcere
755 2531 851 2574 caeco.

95 2599 165 2674 quin
186 2603 215 2656 et
236 2611 374 2674 supremo
397 2613 463 2656 cum
484 2594 594 2656 lumine
614 2599 671 2656 vita
691 2595 822 2674 reliquit,
1058 2601 1108 2658 735

94 2697 153 2739 non
175 2687 272 2741 tamen
293 2697 379 2739 omne
401 2679 509 2741 malum
530 2680 644 2740 miseris
667 2697 722 2739 neo
743 2678 873 2740 funditus
895 2696 995 2739 omnes

96 2781 255 2842 corporeae
279 2763 423 2824 excedunt
444 2769 559 2842 pestes,
581 2764 756 2841 penitusque
776 2779 896 2824 necesse
919 2770 962 2824 est

95 2846 184 2909 multa
203 2849 251 2908 diu
275 2853 412 2908 concreta
433 2846 527 2907 modis
548 2846 708 2908 inolescere
728 2848 819 2907 miris.

95 2950 165 3010 ergo
187 2939 361 2994 exercentur
381 2929 490 3009 poenis
503 2938 694 3009 veterumque
717 2930 861 2991 malorum

94 3015 233 3094 supplicia
250 3016 426 3093 expendunt.
471 3013 543 3077 ahae
562 3015 730 3093 panduntur
752 3016 852 3076 inanes
1057 3020 1108 3076 740

94 3117 252 3176 suspensae
274 3100 310 3159 ad
332 3106 448 3169 ventos,
467 3099 529 3160 aliis
551 3099 606 3160 sub
631 3101 745 3177 gurgite
767 3105 846 3158 vasto

94 3183 233 3243 iniectum
256 3181 361 3243 eluitur
383 3182 477 3244 scelus
500 3191 548 3244 aut
568 3184 699 3244 exuritur
715 3184 791 3259 igni:

95 3267 187 3327 donec
209 3267 295 3343 longa
318 3266 392 3336 dies,
417 3267 548 3344 perfecto
569 3267 709 3344 temporis
732 3264 817 3333 orbe,
1056 3272 1108 3328 741

95 3356 261 3411 concretam
283 3351 389 3410 exemit
410 3350 506 3424 labem
529 3368 696 3429 purumque
718 3345 855 3425 rehnquit

95 3434 256 3495 aetherium
278 3450 396 3495 sensum
417 3441 503 3512 atque
527 3435 607 3495 aurai
629 3431 766 3511 simplicis
787 3431 894 3507 ignem.

832 3527 893 3586 14·
