2400 3878
140 171 201 232 258
459 178 597 226 ventum
620 175 745 224 annms
768 176 830 222 rur

139 332 202 394 vela
225 334 294 394 dare
318 342 345 393 ct
366 331 447 394 laxos
470 334 525 393 iarn
550 333 666 412 iamque
687 333 833 392 inmittere
855 329 942 390 lunis.

140 416 218 477 illam
241 417 316 477 inter
337 417 440 477 caedes
463 415 619 493 pallentem
641 423 735 476 morte
759 413 856 475 lutura

141 500 250 561 fecerat
269 502 433 578 ignipotens
456 500 541 560 undis
561 508 590 560 et
611 499 717 578 lapyge
739 496 820 567 terri,

142 597 244 646 contra
264 592 360 644 autem
380 601 485 661 magno
505 590 683 644 maerentem
703 599 827 660 corpore
846 581 942 641 Nilum

141 669 376 747 pandentemque
397 669 477 727 sinus
500 675 527 726 et
548 674 607 726 tota
629 674 707 726 reste
729 673 880 726 vocantem

142 751 309 813 caeruleum
332 751 360 810 in
381 751 524 828 gremium
547 748 751 827 latebrosaque
772 746 891 808 llumina
915 750 1015 809 victos.

142 843 170 896 at
193 833 307 901 Caesar,
331 833 435 913 triplici
457 834 586 893 invectus
607 832 738 892 llomana
758 831 907 910 triumpho

141 918 266 987 moenia,
290 919 333 978 dis
355 916 432 977 ltalis
454 926 553 976 votum
574 914 729 976 inmortale
748 915 890 984 sacrabat,

142 1019 278 1062 maxuma
297 1007 460 1062 tercentum
479 1008 569 1060 totam
588 998 710 1060 delubra
732 1017 785 1077 per
807 998 920 1060 urbem.

143 1084 249 1145 laetitia
271 1083 403 1162 ludisque
421 1085 484 1144 riae
506 1083 669 1161 plausuque
688 1082 866 1151 fremebant;

144 1167 278 1228 omnibus
297 1169 327 1227 in
347 1165 462 1245 templis
484 1174 610 1226 matrum
630 1165 747 1237 chorus,
771 1166 907 1226 omnibus
930 1184 1012 1234 arae;

144 1260 210 1312 ante
230 1268 295 1311 aras
316 1260 424 1311 terram
447 1251 523 1310 oaesi
543 1259 674 1310 stravere
693 1251 817 1311 iuvenci.

143 1336 213 1411 ipse,
236 1334 340 1395 sedens
356 1335 439 1394 niveo
464 1334 614 1394 candentis
634 1333 734 1395 limine
753 1333 873 1404 Phoebi,

145 1418 219 1479 dona
242 1419 425 1496 recognoscit
446 1416 623 1496 populorum
645 1424 781 1496 aptatque
801 1417 934 1495 superbis

145 1500 290 1583 postibus:
312 1501 449 1562 incedunt
467 1502 558 1562 n'ctae
580 1500 667 1580 longo
690 1502 792 1563 ordine
814 1508 924 1580 gentes,

146 1604 231 1664 quam
254 1587 350 1646 variae
372 1583 486 1664 linguis,
508 1584 610 1646 habitu
632 1593 691 1646 tam
710 1585 798 1647 vestis
819 1593 847 1645 et
869 1586 967 1646 armis.

147 1669 193 1730 bic
214 1669 377 1730 Nomadum
396 1685 488 1746 genus
511 1677 537 1729 ct
561 1668 718 1730 discinctos
739 1667 880 1730 Mulciber
903 1668 995 1736 Alros,

146 1753 193 1812 nic
214 1751 334 1829 Lelegas
356 1753 503 1832 Carasque
524 1753 758 1831 sagittiferosque
780 1752 906 1814 Gelonos

147 1835 282 1904 finxeram
306 1835 469 1914 Euphrates
491 1835 552 1895 ibat
571 1837 627 1895 iam
650 1834 766 1896 mollior
784 1835 878 1904 undis,

147 1922 328 1997 extremique
350 1920 502 1979 hominurn
523 1919 629 1979 llorini
651 1918 830 1996 libanusque
849 1918 982 1979 bicornis

145 2002 335 2080 indomitique
356 2002 454 2064 Dalrae
477 2010 506 2064 et
527 2011 645 2081 pontem
668 2003 834 2080 indignatus
853 2003 971 2063 Araxes.

145 2084 212 2145 talla
234 2103 287 2163 per
306 2085 430 2164 ellpeum
452 2085 579 2155 Volcani,
604 2086 679 2146 dona
701 2082 838 2164 parentis,

146 2170 268 2229 miratur
291 2187 449 2248 rerumque
470 2172 590 2247 ignarus
611 2171 737 2247 imagine
758 2169 874 2246 gaudet,

146 2252 279 2313 attollens
300 2271 404 2316 umero
425 2254 590 2332 famamque
612 2261 641 2314 et
662 2254 718 2313 lata
740 2260 888 2331 nepotum.
