2400 3878
349 793 389 867 r.
415 792 631 868 vunnim
657 792 887 870 uanours

275 965 319 1057 A
370 966 412 1059 E
464 966 511 1060 Ν
563 966 604 1060 Ε
657 966 681 1060 Ι
733 967 780 1061 Ι)
835 966 877 1062 O
932 967 964 1063 S

468 1138 584 1196 LlBEll
606 1138 779 1196 DECIMUS

10 1508 15 1522 .
54 1520 55 1523 ,
105 1467 256 1530 vPanditur
278 1468 390 1528 interea
414 1468 518 1528 domus
542 1469 750 1544 omnipotentis
770 1468 894 1548 Olympi,

114 1551 329 1631 conciliumque
347 1558 432 1611 vocat
452 1551 549 1611 divom
571 1558 654 1628 pater
677 1559 765 1631 atque
782 1552 936 1612 hominum
957 1571 1010 1613 rex

115 1637 258 1696 sideream
280 1639 310 1696 in
332 1636 441 1704 sedem,
463 1643 557 1696 terras
576 1635 655 1696 unde
677 1637 787 1698 arduus
810 1637 903 1696 omnis

115 1728 271 1797 castraque
294 1720 494 1780 Dardanidum
515 1727 645 1798 aspectat
665 1720 848 1800 populosque
872 1720 999 1789 Latinos.

117 1804 270 1864 considunt
291 1807 376 1866 tectis
399 1804 605 1884 bipatentibus
626 1805 728 1884 incipit
749 1807 828 1885 ipse:

116 1886 285 1950 ‹caelicolac
306 1890 413 1966 magni,
438 1890 575 1968 quianam
596 1892 739 1952 sententia
762 1889 844 1950 vobis

116 1989 197 2032 versa
218 1982 306 2033 rotro>
319 1980 491 2053 tantumque
513 1974 617 2035 animis
639 1975 755 2036 certatis
776 1975 899 2052 iniquis?

115 2054 277 2117 abnuerem
298 2057 375 2117 bello
396 2057 507 2118 ltaliam
531 2077 710 2120 concurrere
732 2059 863 2119 Teucria.

114 2157 189 2216 quae
209 2150 312 2201 contra
334 2143 454 2202 vetitum
477 2142 640 2203 discordia?
665 2144 730 2221 quis
750 2150 846 2203 metus
868 2148 918 2202 aut
938 2141 992 2201 bos

113 2230 163 2283 aut
184 2224 238 2284 lros
260 2242 343 2285 arma
364 2228 448 2304 sequi
470 2226 640 2304 ferrumque
663 2226 808 2287 lacessere
829 2225 943 2286 suasit?
1094 2230 1126 2281 to

114 2305 246 2367 adveniet
267 2309 376 2368 iustum
399 2326 515 2387 pugnae
538 2310 585 2387 (ne
605 2309 750 2388 arcessite)
772 2318 896 2385 tempus,

113 2407 181 2449 cum
202 2390 264 2450 iera
280 2389 430 2467 Karthago
451 2391 591 2451 Romanis
613 2390 731 2450 arcibus
751 2391 819 2450 olim

114 2473 233 2532 exitium
255 2491 394 2551 magnum
415 2483 501 2550 atque
520 2473 607 2550 Alpes
625 2475 751 2534 inmittet
772 2481 904 2550 apertas:

113 2563 174 2616 tum
197 2564 311 2617 certare
334 2557 417 2625 odiis,
440 2563 502 2616 turn
521 2574 569 2616 res
591 2558 724 2635 rapuisse
745 2554 852 2616 licebit.

112 2657 192 2699 nunc
214 2641 301 2700 sinito
320 2647 349 2700 et
370 2638 510 2718 placitum
531 2639 598 2700 lacti
617 2639 782 2717 componite
804 2637 925 2699 foedus!
1096 2647 1125 2698 15

154 2722 284 2802 luppiter
302 2724 375 2786 haec
396 2724 512 2804 paucis;
535 2731 564 2784 at
586 2741 645 2784 non
664 2723 762 2784 Venus
785 2741 874 2784 aurea
892 2731 993 2784 contra

111 2824 206 2885 pauca
225 2807 332 2870 refert:

113 2899 146 2950 ‘o
166 2900 258 2968 pater,
282 2911 300 2952 o
322 2895 476 2954 hominum
498 2911 656 2973 rerumqrc
679 2901 797 2954 aeterna
819 2893 961 2972 potestas!

113 2973 251 3055 (namque
273 2977 351 3040 aliud
374 2979 441 3057 quid
461 2979 507 3048 sit,
531 2979 608 3057 quod
629 2980 686 3038 iam
706 2977 855 3058 inplorare
875 2996 1017 3056 queamus
1025 2977 1044 3056 l)

112 3062 208 3120 cernis
232 3069 265 3121 ut
285 3063 423 3123 insultent
441 3063 540 3123 Rutuli
559 3064 734 3141 Turnusque
757 3062 884 3144 [feratur
1090 3066 1124 3119 20

114 3162 166 3221 per
190 3146 302 3206 medios
323 3149 444 3223 insignis
467 3149 549 3226 equis
568 3145 768 3226 tumidusque]
788 3145 917 3206 secundo

112 3228 203 3288 llarte
224 3232 309 3289 ruatl
331 3249 391 3290 non
412 3229 508 3291 clausa
532 3240 632 3306 tegunt
654 3236 710 3290 iam
733 3230 847 3290 moenia
868 3229 1016 3291 Teucros:

111 3315 182 3390 quin
205 3315 279 3371 intra
302 3325 401 3390 portas
427 3325 513 3393 atque
537 3317 606 3390 ipsis
629 3313 740 3390 proelia
758 3315 882 3372 miscent

113 3397 272 3473 aggeribus
294 3397 470 3459 moerorum'
488 3406 517 3458 et
539 3398 682 3459 inundant
702 3398 845 3474 sanguine
868 3395 970 3458 fossas.
