2400 3878
188 187 208 225 ⁰
414 197 558 242 vuettini
572 197 698 243 sunnis
715 199 752 243 XI

73 356 181 424 ‘alma,
206 353 259 413 tibi
282 352 367 420 hanc,
391 369 546 411 nemorum
570 351 684 418 cultrix,
705 353 826 412 Latonia
848 355 939 430 virgo,

72 441 137 518 ipae
159 444 244 516 pater
267 435 403 496 famulam
426 453 532 502 voveo;
555 443 606 493 tua
627 436 723 514 prima
745 453 799 513 per
821 453 907 496 auras

72 522 130 582 tela
150 529 254 581 teneus
273 519 396 598 supplex
418 519 532 578 hostem
554 519 638 594 fugit.
675 521 785 597 accipe,
809 527 908 587 testor,

73 606 138 666 diva
160 614 250 674 tuam,
270 621 344 683 quae
367 620 446 663 nunc
468 603 563 662 dubiis
583 605 773 663 committitur
794 604 899 665 auris!
1033 613 1084 662 ooo

73 691 145 749 dixit
167 697 195 749 et
217 688 343 748 adducto
367 694 535 746 contortum
555 686 657 746 hastile
680 686 790 746 lacerto

72 774 206 834 inmittit:
230 786 357 832 sonuere
379 771 484 838 undae,
508 770 643 848 rapidum
666 789 755 848 super
776 789 891 832 amnem

72 856 171 917 infelix
194 857 268 934 fugit
288 857 318 916 in
340 852 434 915 iaculo
456 853 597 913 stridente
620 853 747 914 Camilla.

73 952 102 1001 at
124 938 266 1008 Metabus,
285 953 400 1016 magna
413 940 536 1016 propius
557 939 615 998 iam
635 945 758 1016 urgente
778 947 902 1006 caterva.

74 1026 123 1084 dat
140 1042 205 1084 sese
227 1023 315 1084 fluvio
334 1034 421 1101 atque
444 1023 557 1082 hastam
578 1040 645 1082 cum
667 1023 779 1099 virgine
801 1025 893 1083 victor

74 1110 224 1186 gramineo
244 1108 354 1168 donum
377 1106 492 1167 Triviae
515 1106 551 1166 de
570 1108 697 1184 caespite
720 1105 805 1167 vellit.

74 1210 134 1251 non
156 1191 237 1251 illurn
260 1192 344 1251 tectis
366 1189 452 1258 ullae,
476 1208 535 1250 nou
558 1190 712 1251 moenibus
734 1191 823 1253 urbes

74 1294 216 1353 accepere
238 1293 334 1354 neque
357 1277 419 1353 ipse
441 1292 545 1334 manus
567 1274 681 1336 feritate
702 1276 842 1337 dedisset:

73 1365 224 1438 pastorum
246 1368 275 1419 et
296 1358 366 1418 solis
388 1361 484 1435 exegit
506 1359 654 1418 montibus
677 1377 786 1419 aevom.

73 1443 122 1503 lric
144 1453 241 1502 natam
258 1445 289 1503 in
310 1443 404 1503 dumis
426 1444 561 1520 interque
582 1444 732 1502 horrentia
757 1443 847 1503 lustra

74 1526 240 1588 armentalis
263 1544 355 1605 equae
375 1529 510 1586 mammis
531 1534 560 1585 et
582 1527 657 1585 lacte
677 1527 770 1584 lerino

74 1609 212 1678 nutribat,
233 1614 343 1671 teneris
362 1609 528 1687 inmulgens
548 1609 639 1669 ubera
660 1609 760 1668 labris.

74 1703 164 1773 utque
185 1693 293 1772 pedum
315 1696 418 1772 primis
441 1694 536 1753 inians
557 1694 675 1770 vestigia
698 1693 803 1770 plantis

73 1780 225 1846 institerat,
247 1779 341 1837 iaculo
363 1779 474 1855 palmas
497 1779 620 1836 armarit
644 1784 729 1837 acuto

73 1862 242 1940 spiculaque
265 1881 300 1921 ex
320 1881 424 1923 umero
449 1880 555 1939 parvae
577 1861 729 1940 suspendit
750 1867 778 1920 et
795 1878 906 1921 arcum.

74 1964 128 2025 pro
150 1945 251 2007 crinali
275 1963 358 2014 auro,
380 1964 434 2024 pro
457 1946 562 2022 longae
583 1949 711 2022 tegmine
734 1945 827 2023 pallae

74 2030 188 2107 tigridis
208 2032 329 2089 exuviae
351 2048 405 2108 per
428 2030 548 2089 dorsum
572 2050 587 2090 a
613 2032 720 2090 vertice
743 2030 880 2106 pendent.

73 2114 131 2175 tela
153 2116 320 2174 manniam
343 2123 405 2174 tum
427 2122 527 2175 tenera
550 2115 673 2193 puerilia
697 2117 782 2174 torsit

75 2208 103 2261 et
122 2199 242 2258 fundam
263 2199 349 2257 tereti
368 2199 478 2258 circum
500 2209 588 2277 caput
608 2201 666 2275 egit
688 2199 802 2258 habena

75 2284 331 2362 Strymoniamque
353 2298 456 2358 gruem
477 2291 526 2343 aut
548 2282 646 2343 album
668 2283 771 2343 deiecit
793 2283 915 2345 olorem.

77 2365 183 2426 multae
200 2365 280 2425 illam
302 2365 410 2426 frustra
429 2366 582 2444 Tyrrhena
600 2385 654 2443 per
675 2366 781 2443 oppida
803 2375 913 2426 matres

77 2459 215 2526 optavere
235 2466 359 2509 nurum:
382 2450 443 2509 sola
467 2460 602 2510 contenta
624 2450 713 2508 [tiana

76 2543 229 2594 aeternum
249 2533 373 2594 telorum
400 2543 428 2594 et
449 2536 621 2610 virginitatis
640 2550 770 2592 amorem

77 2619 249 2677 intemerata
269 2616 356 2696 colit.)
387 2617 506 2678 ‘vellem
529 2620 600 2677 haut
623 2623 760 2692 correpta
785 2615 885 2675 luisset

78 2698 179 2761 militia
199 2699 259 2769 tali,
283 2711 386 2762 conata
410 2702 555 2762 lacessere
577 2700 723 2760 Teucros:

78 2803 146 2846 cara
168 2785 238 2845 mihi
261 2788 459 2864 comitumque
483 2784 560 2844 ioret
581 2802 660 2844 nunc
679 2802 736 2842 una
759 2801 902 2844 mearum.

77 2888 178 2930 rerum
201 2886 264 2947 age,
286 2870 521 2950 quandoquidem
545 2869 610 2929 latis
633 2876 756 2945 urgetur
778 2867 901 2937 acerbis,

77 2953 187 3025 labere,
210 2955 347 3034 nympha,
370 2953 438 3032 polo
461 2954 585 3033 finisque
607 2954 699 3013 invise
721 2953 848 3020 Latinos,

77 3040 168 3098 tristis
189 3039 241 3097 uhi
262 3038 388 3097 infausto
410 3039 602 3098 committitur
621 3040 718 3098 omine
741 3055 847 3115 pugna.

78 3123 151 3179 haec
173 3138 245 3197 cape
267 3131 296 3180 et
317 3120 451 3181 ultricem
474 3122 613 3199 pharetra
632 3122 773 3200 deprome
792 3123 941 3196 sagittam:

80 3203 134 3261 hac
152 3203 329 3279 quicumque
351 3221 468 3264 sacrum
491 3204 603 3264 violarit
623 3204 743 3264 volnere
759 3220 876 3279 corpus,

79 3286 154 3346 Tros
174 3284 329 3361 ltalusque‚
351 3285 422 3345 mihi
439 3289 550 3366 pariter
569 3288 618 3347 det
639 3288 780 3361 sanguine
803 3299 922 3360 poenas.

81 3376 146 3447 post
169 3382 223 3441 ego
245 3366 326 3426 nube
345 3382 412 3427 cara
435 3369 620 3431 miserandae
642 3386 751 3444 corpus
771 3375 799 3426 et
821 3384 902 3426 arma

80 3450 231 3529 inspoliata
254 3450 347 3510 leram
370 3453 483 3513 tumulo
505 3454 676 3531 patriaeque
698 3445 860 3527 reponam.²

151 3565 284 3609 araneos,
304 3559 417 3598 vunuxx..
843 3549 879 3609 21
