2400 3878
158 210 199 274 td
452 221 594 269 vunamx
616 220 818 269 ononorcon
842 223 867 268 11

159 397 215 440 nec
236 397 268 439 se
290 377 484 456 praevalidam
507 378 609 456 primis
630 376 763 436 ostendat
785 377 892 437 aristis!

160 480 235 542 quae
257 462 354 538 gravis
376 468 420 522 est
442 463 505 539 ipso
527 461 643 521 tacitam
666 478 698 519 se
719 460 850 539 pondere
872 461 977 537 prodit,

160 563 293 624 quaeque
307 543 387 606 levis.
418 551 587 623 promptum
602 550 647 604 est
661 542 753 603 oculis
767 544 953 621 praediscere
967 548 1097 622 nigram.
1124 559 1176 611 255

160 637 189 690 et
211 629 341 708 quisquis
364 625 454 689 color.
493 637 521 688 at
544 625 717 689 sceleratum
741 630 895 706 exquirere
919 628 1010 705 frigus

161 711 318 773 difficilest:
341 713 442 789 piceae
463 719 574 772 tantum
597 712 713 789 taxique
735 718 876 771 nocentes

160 795 305 856 interdum
328 802 378 855 aut
399 797 505 857 ederae
526 796 659 872 pandunt
679 796 797 872 vestigia
819 796 928 872 nigrae.

202 879 253 939 llis
275 879 404 939 animum
427 881 555 940 adversis
577 887 687 939 terram
708 878 800 939 multo
822 886 888 939 ante
909 887 1058 939 memento

161 981 325 1041 excoquere
346 972 375 1023 et
396 981 519 1041 magnos
540 961 694 1024 scrobibus
716 963 872 1023 concidere
894 963 1008 1029 montis,

160 1054 227 1107 ante
250 1047 399 1123 supinatas
419 1046 546 1125 aquiloni
569 1047 724 1107 ostendere
746 1046 873 1123 glaebas,

162 1148 248 1209 quam
270 1129 378 1191 laetum
400 1130 524 1191 infodias
546 1132 610 1190 vitis
632 1147 734 1208 genus.
772 1132 879 1207 optima
902 1131 981 1207 putri

162 1231 230 1272 arva
252 1213 331 1274 solo:
354 1214 383 1274 id
405 1215 483 1274 venti
505 1221 610 1274 curant
631 1213 802 1290 gelidaeque
824 1215 947 1292 pruinae

162 1304 191 1357 et
212 1297 353 1358 labefacta
375 1314 496 1357 movens
518 1297 656 1357 robustus
679 1298 778 1375 iugera
803 1296 907 1356 lassor.

162 1399 197 1441 ac
217 1382 316 1459 siquos
336 1381 407 1440 haut
428 1380 485 1441 ulla
507 1382 584 1440 viros
599 1379 743 1458 vigilantia
761 1381 842 1457 lugit,

163 1472 228 1524 ante
250 1464 347 1524 locum
370 1464 492 1525 similem
515 1465 685 1543 exquirunt,
707 1463 758 1524 ubi
780 1466 873 1540 prima
896 1471 1017 1542 paretur

164 1548 318 1609 arboribus
340 1566 423 1627 seges
446 1556 475 1610 et
497 1568 555 1628 quo
577 1567 644 1608 mox
668 1549 778 1626 digesta
801 1548 921 1616 seratur,

163 1639 301 1692 mutatam
323 1634 460 1707 ignorent
481 1633 577 1693 subito
600 1651 637 1693 ne
659 1633 770 1692 semina
793 1640 925 1692 matrem.

163 1717 231 1793 quin
255 1717 341 1774 etiam
364 1715 435 1775 caeli
457 1718 608 1791 regionem
631 1717 659 1774 in
682 1716 790 1775 cortice
812 1717 935 1791 signant,

162 1805 195 1857 ut
215 1815 272 1874 quo
295 1815 428 1875 quaeque
449 1798 536 1857 modo
557 1800 677 1866 steterit,
700 1816 755 1874 qua
775 1805 858 1875 parte
880 1798 993 1858 calores

163 1882 308 1940 austrinos
329 1879 442 1950 tulerit,
466 1899 540 1959 quae
563 1888 644 1958 terga
667 1880 825 1940 obverterit
847 1882 902 1949 axi,

163 1965 330 2024 restituant:
353 1963 425 2023 adeo
447 1965 476 2023 in
499 1965 607 2024 teneris
630 1981 822 2024 consuescere
844 1965 1005 2025 multumst.

164 2046 286 2106 collibus
308 2064 344 2105 an
367 2047 454 2124 plano
476 2048 580 2109 molius
598 2049 637 2108 sit
658 2065 770 2126 ponere
791 2049 888 2116 vitem,

164 2149 272 2209 quaere
295 2132 385 2208 prius.
423 2133 446 2191 si
468 2134 584 2209 pinguis
606 2149 693 2209 agros
713 2131 863 2193 metabere
886 2136 989 2211 campi,

164 2214 252 2274 densa
275 2232 355 2275 sere:
377 2216 407 2274 in
430 2216 521 2275 denso
543 2234 602 2275 non
624 2216 741 2292 segnior
763 2215 856 2276 ubere
879 2215 1027 2285 Bacchus,

164 2301 207 2358 sin
231 2297 348 2358 tumulis
371 2299 479 2359 adclive
502 2298 596 2360 solum
620 2299 758 2378 collisque
781 2301 909 2378 supinos,

164 2381 281 2460 indulge
304 2382 470 2452 ordinibus;
493 2401 549 2444 nec
571 2385 660 2443 setius
682 2384 776 2442 omnis
798 2384 827 2443 in
849 2401 976 2461 unguem

164 2464 319 2526 arboribus
341 2467 442 2544 positis
463 2473 543 2528 secto
564 2469 608 2527 via
630 2467 719 2527 limite
742 2467 873 2545 quadret,

164 2556 196 2610 ut
217 2567 305 2626 saepe
326 2551 436 2629 ingenti
458 2551 535 2612 bello
559 2570 625 2612 cum
647 2551 732 2630 longa
756 2551 883 2610 cohortis

165 2634 301 2711 explicuit
322 2634 414 2712 legio,
438 2642 467 2695 et
489 2654 591 2714 campo
612 2637 689 2696 stetit
709 2653 812 2713 agmen
834 2641 943 2712 aperto.

166 2718 359 2797 derectaeque
382 2721 472 2788 acies,
496 2739 531 2780 ac
551 2720 609 2780 late
631 2719 751 2779 fluctuat
773 2719 866 2777 omnis

165 2819 234 2861 acre
255 2802 399 2861 renidenti
422 2801 519 2871 tellus,
542 2802 668 2862 necdum
690 2800 809 2860 horrida
832 2802 953 2860 miscent

165 2884 289 2960 proelia,
313 2885 363 2944 sed
387 2882 492 2943 dubius
514 2884 617 2944 mediis
638 2884 715 2944 Mars
737 2889 816 2942 errat
836 2885 865 2942 ln
888 2887 985 2945 armis.

167 2967 261 3025 omnia
285 2967 341 3026 sint
362 2966 483 3044 paribus
504 2970 634 3027 numeris
656 2967 785 3027 dimensa
807 2966 934 3036 viarnm;

166 3067 224 3108 non
246 3050 374 3109 animum
395 3050 482 3109 modo
503 3052 545 3111 uti
564 3059 666 3128 pascat
684 3056 857 3128 prospectus
880 3053 1005 3119 inanem,

165 3131 216 3192 sed
231 3134 297 3210 quia
319 3151 378 3192 non
399 3132 482 3194 aliter
504 3136 579 3195 vires
602 3135 681 3195 dabit
702 3133 837 3194 omnibus
859 3154 966 3212 aequas

167 3223 259 3285 terra,
284 3218 390 3277 necin
413 3235 536 3279 vacuum
559 3225 697 3296 poterunt
719 3219 877 3279 extendere
898 3221 982 3279 rarni.

209 3300 343 3360 Forsitan
366 3310 394 3362 et
416 3303 570 3364 scrobibus
592 3321 666 3381 quae
689 3303 745 3362 sint
767 3303 876 3378 fastigia
900 3320 1023 3382 quaeras

168 3401 259 3445 ausrm
281 3384 325 3444 vel
348 3388 427 3446 tenui
449 3387 535 3448 vitem
558 3388 739 3447 committere
761 3386 851 3447 sulco.

168 3466 251 3527 altior
273 3487 308 3528 ac
328 3471 444 3548 penitus
466 3477 560 3531 terrae
583 3471 718 3548 deligitur
739 3468 836 3538 arbos,
