2400 3878
303 222 333 270 Ρ.
350 220 493 270 VERGILI
515 220 668 268 malcomo
691 215 878 271 brunnum.
1011 223 1098 269 XXIX

176 378 263 436 ‘Ossa
277 381 334 435 eius
350 379 488 452 Neapolim
502 377 630 435 translate
645 386 709 434 sunl
723 381 883 453 tumuloque
898 381 1019 444 condita,
1035 378 1098 455 qui'

93 473 151 524 crat
177 465 237 519 ‘via
257 463 403 519 Puteolana
423 464 493 518 intre
518 461 632 536 lapidem
652 458 853 535 secundum.'¹)
894 465 1018 537 sepulcro
1040 466 1098 520 eins

92 549 188 606 titulus
215 548 360 620 inscriptus
386 545 540 620 legebatur.
565 562 644 618 quem
664 547 782 603 moriens
808 548 866 619 ipse
887 547 1025 604 dictavisse
1046 548 1087 603 ier

93 625 183 704 tur²)‚
198 632 256 688 hic:

218 714 324 770 Mantua
339 729 381 767 me
396 714 504 786 gennit,
521 712 622 768 Calabri
637 729 765 786 rapuere.
782 720 857 770 tenet
872 731 944 770 nnnc

260 797 445 868 Parthenope:
460 797 544 852 cecini
559 812 656 870 pascua
671 813 733 851 rura
748 797 829 852 duces
837 790 869 868 ³).

93 884 230 940 desertum
251 896 336 955 prope
356 887 559 935 monumentum
575 880 655 935 Silius
674 879 796 942 italicus,
817 881 863 952 qui
883 897 987 936 summo
1008 882 1099 936 studio

93 963 430 1037 venerabaturVergilium
443 963 486 1018 die
497 963 578 1018 natali
589 973 686 1036 poetae
699 971 729 1018 ut
740 963 1057 1036 templumediresolebat
1065 959 1097 1037 ⁴).

176 1049 296 1122 Corpore
317 1056 344 1103 et
363 1054 467 1102 statura
486 1047 620 1121 Vergilius
641 1047 728 1102 lueret
749 1047 858 1120 grandi,
886 1048 976 1121 aquilo
995 1048 1097 1110 colore,

93 1132 160 1188 tecte
175 1126 349 1202 rusticana5).
380 1129 532 1185 valetudine
552 1132 603 1186 iam
625 1138 702 1186 autea
716 1146 782 1186 usus
803 1130 891 1186 lueret
911 1132 992 1186 varie:
1022 1129 1097 1188 ‘nem

93 1271 193 1321 hausta
212 1274 267 1323 sint
283 1278 391 1329 nescioe
415 1277 514 1327 desunt
532 1278 561 1325 in
577 1275 655 1326 libris
673 1276 886 1326 Burmannianis
903 1281 931 1326 et
953 1281 1025 1327 teste
1042 1277 1099 1326 Ha·

94 1352 165 1402 geno
181 1337 198 1387 l·
211 1339 229 1388 l·
243 1357 268 1405 p.
281 1347 330 1395 682
344 1344 406 1393 adn.
423 1345 452 1393 in
470 1344 656 1394 Bonnensibus
674 1344 731 1395 167.
750 1345 808 1394 363.
827 1344 863 1394 cf.
881 1342 1098 1394 Reifferscheidii

96 1409 215 1467 quaesit.
235 1407 365 1460 Suetonn.
384 1413 443 1460 393.

161 1472 277 1524 Futtilis
289 1477 467 1540 allegoristae
479 1477 570 1525 nescio
584 1476 661 1525 cuiue
675 1475 748 1538 apud
761 1475 884 1524 Servium
896 1478 925 1523 et
937 1475 966 1524 in
978 1475 1097 1524 Beruen-

95 1537 171 1588 eibus
197 1552 304 1605 quoque
332 1542 444 1592 scholiis
469 1543 571 1591 leviter
593 1539 751 1604 significata
774 1541 870 1590 fabula
898 1545 940 1590 est
968 1540 1099 1591 adludere

95 1604 147 1657 ecl.
164 1604 207 1654 III
226 1608 257 1656 74
270 1623 309 1672 sq.
324 1608 453 1672 (scriptae
471 1608 547 1657 illius
558 1622 630 1657 anno
643 1607 702 1669 712)
716 1607 750 1655 ad
762 1605 863 1657 bellum
875 1607 1033 1670 Actiacum,
1046 1622 1099 1673 quo

94 1678 285 1734 properantem
303 1691 328 1724 a.
348 1678 396 1726 723
415 1674 561 1726 Gaesarem
583 1674 661 1737 sequi
683 1675 786 1723 frustra
802 1674 935 1724 voluisset
951 1675 1097 1739 Vergilius.

94 1752 175 1802 quem
188 1738 373 1792 detestantem
385 1741 457 1792 bella
470 1742 564 1792 civilia
575 1741 633 1791 tale
645 1755 772 1805 umquam
785 1741 927 1791 consilium
939 1742 967 1790 in
980 1743 1097 1801 animum

94 1804 234 1857 induxisse
252 1809 287 1858 ab
306 1810 378 1859 omni
396 1809 524 1859 abhorret
542 1807 746 1872 probabilitate.

160 1874 231 1922 Item
245 1874 287 1925 vel
299 1881 451 1940 temporum
463 1877 585 1926 rationes
598 1876 665 1925 satis
679 1874 788 1934 docent,
799 1876 1004 1939 negotiatorem
1017 1890 1098 1939 queu-

95 1937 158 1987 dam
175 1939 217 2002 (ut
229 1943 270 1990 ait
281 1944 371 1993 Acron
389 1943 425 1992 ad
443 1945 510 1992 Hor.
528 1957 610 1994 carm.
622 1943 661 1991 1v
675 1942 717 2005 12)
735 1942 897 2007 Vergilium,
917 1957 972 1992 uon
990 1949 1099 2006 poetam

95 2010 216 2056 nostrum
229 2009 380 2073 significari
391 2010 502 2059 Horatii
514 2009 648 2059 carm.13
660 2013 688 2058 et
699 2010 737 2058 1v
751 2012 796 2069 12,
816 2009 950 2072 siquidem
967 2007 1031 2058 libri
1043 2013 1099 2059 tres

96 2073 200 2136 priores
219 2078 367 2126 carminum
385 2077 453 2126 editi
471 2082 534 2126 sunt
552 2091 624 2125 anno
642 2077 691 2125 ‘130
709 2080 827 2124 extremo
845 2075 892 2125 vel
910 2078 1022 2126 ineunte
1041 2078 1098 2138 731,

96 2144 227 2202 quattuor
239 2143 282 2192 vel
301 2145 420 2207 quinque
439 2145 518 2192 annis
530 2147 677 2207 autequam
695 2143 724 2190 iu
737 2143 879 2192 Graeciam
896 2143 1038 2206 proiectus
1056 2148 1100 2192 est

96 2207 180 2268 Maro,
195 2215 308 2271 quartus
321 2216 411 2260 autem
424 2225 496 2260 anno
509 2209 615 2259 demum
628 2211 684 2271 741,
697 2210 794 2258 utiam
805 2209 834 2256 in
845 2207 941 2273 Elysio
954 2208 1038 2258 inerit
1051 2208 1099 2258 ille

96 2287 156 2320 cum
165 2274 298 2325 Horatius
308 2277 456 2326 ‘adduxere
468 2277 541 2327 sitim
551 2281 682 2340 tempora,
695 2275 810 2340 Vergili’
824 2276 943 2340 scripsit.
964 2276 999 2326 ci.
1009 2276 1098 2325 Lach-

95 2354 210 2453 genuus
225 2343 257 2457 ἐκ]
276 2343 364 2393 diurn.
383 2345 457 2394 univ.
474 2343 529 2393 litt.
543 2344 608 2394 1836
620 2343 675 2393 vol.
688 2342 717 2392 II
730 2359 757 2406 p.
769 2344 819 2392 259
837 2347 866 2392 et
882 2342 1014 2393 Franckii
1032 2343 1097 2392 last.

123 2420 161 2455 or.
202 2444 207 2455 .
242 2411 282 2459 ds
325 2446 331 2459 .

164 2421 347 2541 ¹lpDonailiqp¹
361 2480 393 2526 63
411 2479 443 2526 R.
462 2477 546 2526 verba
564 2481 636 2527 sunt.
672 2479 747 2525 ‘osea
758 2477 812 2525 eius
823 2476 955 2538 Neapolim
972 2478 1099 2524 translata

97 2540 122 2585 im
138 2542 248 2590 secundo
266 2542 297 2589 ab
314 2543 391 2590 urbc’
416 2541 483 2604 (non
501 2543 613 2603 ‘Urbe’)
633 2543 755 2592 ‘miliario
771 2543 943 2604 sepeliuntur'
966 2541 1100 2606 Hierony·

96 2619 156 2653 mus
174 2604 191 2652 l.
209 2605 227 2653 l.
243 2607 327 2656 Probi
343 2609 428 2658 verba
447 2608 509 2657 vide
527 2608 608 2656 infra.

163 2669 184 2731 ²)
203 2674 290 2722 ‘tituto
302 2675 441 2723 istiusmodi
457 2677 645 2737 suprascripto,
664 2688 734 2737 quem
750 2675 860 2723 moriens
875 2674 931 2735 ipse
949 2674 1099 2722 dictaverat'

96 2737 288 2802 Hieronymus.
325 2743 366 2790 ‘im
384 2757 432 2805 quo
450 2741 574 2791 distichon
590 2742 654 2804 fecit
671 2743 737 2789 tale’
758 2742 884 2790 Donatus
901 2755 927 2803 p.
946 2741 979 2789 63
996 2740 1028 2789 R.
1058 2741 1100 2789 ‘in

96 2807 150 2854 eius
166 2809 295 2868 sepulcro,
324 2810 393 2872 quod
412 2816 451 2857 eet
477 2810 503 2857 im
520 2811 561 2859 oio
583 2809 736 2864 Puteolana.
759 2807 806 2857 boc
823 2808 914 2871 lepitur
936 2808 1099 2870 epipromma’

96 2872 202 2922 Probus
221 2873 248 2921 in
266 2875 325 2923 vita
344 2891 370 2938 p.
391 2877 403 2923 1
423 2877 456 2924 K.

163 2937 185 3002 ⁸)
202 2940 288 2989 Extat
300 2941 373 3005 apud
390 2942 508 2992 Probum
520 2943 659 2991 Donatum
670 2941 878 3005 Hieronymum,
896 2941 950 2990 nisi
962 2940 1034 3003 quod
1045 2956 1071 2991 r.
1084 2944 1099 2990 2

94 3021 192 3068 pascua
213 3023 288 3070 pomo
312 3009 424 3072 pbrupes
446 3009 529 3059 Probi
556 3009 708 3059 Vaticanus
731 3008 854 3070 exbibet,
885 3014 955 3071 quae
983 3008 1096 3071 interpo-

98 3070 449 3207 lat02)n}s:‡paprpgq31511ts
467 3142 527 3192 Silii
548 3141 655 3191 Plinius
674 3142 754 3206 epist.
771 3142 814 3192 III
831 3143 860 3202 7,
878 3143 894 3189 8
913 3140 946 3190 de
965 3155 1009 3189 eo:
1030 3147 1100 3190 ‘nom

101 3205 209 3269 Verpilii
231 3211 351 3271 imapimco
373 3217 431 3258 ante
453 3225 537 3260 omnes
559 3225 622 3274 quaa
644 3217 769 3258 coemerat
794 3207 963 3256 venerabatur
985 3208 1099 3272 diemque

98 3274 207 3322 natalem
219 3279 272 3323 eius
288 3278 430 3338 relipioeius
443 3293 515 3341 quam
532 3293 601 3325 suum
618 3276 773 3331 celebrabat,
792 3275 902 3336 Neapoli
918 3275 1038 3334 maxime,
1058 3275 1099 3322 ubi

98 3342 266 3389 monimentum
284 3344 337 3391 eius
354 3344 428 3392 adire
445 3351 473 3392 ut
489 3346 602 3405 templum
619 3341 736 3395 colebat.’
755 3339 947 3456 ofilMartialis
963 3340 1003 3389 XI
1020 3341 1052 3389 48
1071 3346 1099 3388 et

97 3407 144 3468 49,
163 3420 275 3468 quorum
293 3409 430 3471 posterius
447 3410 592 3459 emendavi
609 3409 638 3456 in
656 3409 777 3472 prolegg.
812 3409 853 3456 23.

165 3471 186 3535 ⁵)
203 3474 330 3523 Donatus
352 3490 378 3539 p.
401 3477 447 3537 66,
472 3478 483 3526 l
510 3479 543 3528 R.
567 3477 620 3524 ‘bic
641 3476 733 3524 dicitur
753 3476 859 3539 pulsare
884 3475 1033 3536 Verpilium,
1057 3487 1097 3537 pm
