2400 3878
414 197 514 245 COPA.
556 196 737 244 MORETUM.

68 365 95 417 et
112 373 187 432 quae
207 354 338 430 virgineo
361 351 449 412 libata
471 351 608 412 Achelois
629 349 665 410 ab
688 369 774 411 amne

115 436 175 497 lilia
194 439 328 499 vimineis
351 438 444 498 attulit
465 442 495 498 in
519 436 647 501 calathis.

73 530 142 582 sunt
163 529 193 580 et
214 521 336 587 caseoli,
360 537 433 597 qnos
454 520 552 597 sirpea
573 519 674 578 fiscina
696 520 795 587 siccat,

115 613 183 664 sunt
204 601 379 664 autumnalis
401 621 486 662 cerea
508 620 603 680 pruna
625 597 712 671 deae;

73 696 141 750 sunt
163 696 192 747 et
214 705 296 746 mora
318 693 439 746 cruenta
462 694 491 745 et
512 685 599 746 lentis
620 704 675 746 uva
697 687 822 747 racemis

115 780 145 831 et
165 770 298 849 pendens
319 772 407 829 iunco
429 769 582 829 caeruleus
604 772 734 830 cucumis

72 862 285 932 castaneaeque
308 871 399 914 nuces
421 861 450 912 et
471 871 558 912 suave
580 852 716 913 rubentia
739 854 830 923 mala;

115 945 159 997 est
181 937 228 996 hic
250 937 357 997 munda
380 937 483 1005 Ceres,
507 944 551 996 est
571 937 676 1004 Amor,
700 945 744 996 est
765 938 910 997 Bromius.

73 1030 117 1082 est
140 1021 237 1099 tuguri
260 1029 371 1090 custos,
395 1027 524 1080 armatus
547 1019 622 1079 falce
644 1019 765 1098 saligna,

114 1106 165 1165 sed
188 1123 248 1164 non
271 1122 304 1163 ec
326 1111 406 1164 casto
429 1113 473 1164 est
495 1106 614 1182 inguine
637 1104 785 1165 terribilis.

73 1189 130 1250 huc
154 1187 277 1268 calybita
299 1189 381 1248 reni:
404 1187 497 1248 lassus
519 1190 578 1248 iam
600 1188 685 1248 suclat
706 1187 827 1257 asellns;

114 1291 203 1351 parce
224 1271 281 1341 illi,
306 1271 409 1332 Vestae
433 1271 569 1331 delicium
593 1281 638 1332 est
659 1274 766 1333 asinus

72 1374 151 1416 nunc
174 1363 260 1416 cantu
283 1354 388 1415 crebro
412 1365 552 1434 rumpunt
574 1355 692 1415 arbusta
715 1355 841 1420 cicarlae.

115 1457 194 1500 nunc
221 1440 299 1499 varia
327 1440 357 1497 in
380 1438 476 1515 gelirla
498 1457 585 1516 saepe
607 1438 716 1497 lacertu
741 1438 818 1496 latet.

71 1525 95 1584 si
118 1525 209 1603 sapis,
233 1523 341 1582 aestivo
363 1522 510 1581 recubans
532 1531 560 1581 te
582 1521 685 1599 prolue
707 1521 781 1581 nitro

114 1626 166 1667 seu
186 1609 230 1666 ris
252 1604 387 1683 crystallo
411 1606 490 1665 lerre
512 1624 603 1665 novos
625 1603 740 1664 calices.

71 1693 116 1751 eia
139 1709 192 1768 age
214 1691 371 1768 pampinea
394 1689 487 1749 lessus
510 1690 662 1767 requiesce
685 1688 738 1747 sub
760 1685 863 1745 umbra

114 1783 142 1834 et
164 1773 316 1851 gravidum
339 1791 425 1833 roseo
448 1781 532 1832 necte
555 1779 643 1850 caput
665 1772 805 1850 strophio,

71 1857 217 1917 formosus
240 1866 359 1916 tenerae
383 1856 545 1934 decerpens
568 1874 619 1916 ora
641 1854 765 1946 puellae.

114 1960 131 2001 a
153 1949 254 2018 pereat
276 1941 323 2000 cni
345 1939 413 2001 saint
434 1942 532 2019 prisca
553 1939 724 2019 supercilia!

72 2024 141 2104 quid
164 2025 256 2083 cineri
278 2025 393 2102 ingrato
416 2043 515 2085 serras
536 2023 612 2084 bene
635 2024 744 2085 olentia
766 2023 861 2083 serta?

113 2126 190 2168 anne
213 2110 416 2169 coronatoris
439 2107 536 2187 lapirle
559 2127 624 2169 ossa
646 2109 723 2186 tegil

73 2210 148 2271 pone
171 2210 285 2251 merum
309 2201 341 2252 et·
359 2191 442 2253 talos.
465 2201 567 2270 pereat
589 2194 639 2270 qui
661 2193 787 2252 crastina
811 2194 894 2246 rnrnt

113 2294 194 2335 mors
216 2293 317 2334 aurem
340 2274 451 2335 vellens
473 2277 594 2335 ‘vivite’
618 2277 666 2346 ait,
692 2275 822 2334 ‘reniet

389 2528 763 2609 MORETUM.

113 2687 174 2746 lam
197 2704 255 2749 nox
277 2686 417 2747 hibernas
440 2687 485 2746 bis
508 2689 636 2766 quinque
658 2693 815 2766 peregerat
836 2685 924 2743 horas

72 2769 281 2849 excubitorqne
304 2770 381 2830 cliem
406 2779 493 2831 cantu
516 2771 702 2849 praedixerat
724 2769 792 2839 ales,

71 2854 197 2938 simplus
220 2855 316 2933 exigui
338 2853 433 2914 cultor
455 2873 521 2915 curn
544 2856 670 2915 rusticus
693 2854 765 2933 agri,

72 2940 164 2999 tristia
186 2949 326 3000 venturae
348 2948 483 2998 metuens
505 2940 612 2999 ieiunia
635 2938 716 3009 lucis,

72 3024 203 3084 membra
226 3023 302 3085 levat
322 3022 372 3083 vili
393 3025 503 3083 sensim
521 3025 646 3084 demissa
669 3022 790 3102 grabato

72 3106 252 3185 sollicitaque
276 3127 365 3169 manu
388 3108 525 3168 tenebras
548 3107 682 3188 explorat
704 3107 807 3167 inertis

72 3192 249 3268 vestigatque
274 3191 385 3261 locrrrn,
408 3192 504 3252 laesus
527 3211 614 3270 quem
637 3191 762 3268 denique
784 3189 881 3248 sentit.

73 3272 209 3352 parvulus
232 3280 333 3333 exusto
356 3275 528 3335 remanebat
549 3276 646 3352 stipite
669 3274 760 3331 lomes

74 3365 102 3417 et
124 3357 197 3415 cinis
220 3356 364 3416 obductae
388 3358 502 3417 celabat
524 3356 633 3416 lunrina
655 3371 777 3433 prunae.

75 3439 208 3500 admovet
229 3440 275 3499 his
296 3457 421 3518 pronam
443 3441 586 3500 submissa
609 3439 704 3498 ironte
727 3437 877 3496 lucernam
