2400 3878
394 235 537 284 ventum
558 236 682 285 ennete
706 236 741 284 Vl

54 395 122 455 hinc
145 393 276 455 exaudiri
298 394 423 472 gemitus
446 401 474 454 et
492 409 576 452 saera
599 409 705 454 sonare

54 478 178 539 verbera
214 485 277 538 turn
298 477 406 537 stridor
428 477 499 538 lerri
517 484 686 553 tractaeque
712 483 841 537 catenae.

55 562 182 624 constitit
203 576 317 623 Aeneas
339 563 552 639 strepitumque
574 562 729 622 exterritus
751 560 855 621 hausit.

56 656 147 725 ‘quae
167 645 314 708 scelerum
336 647 442 707 faciest
465 664 482 704 o
507 646 605 722 virgo,
628 645 736 714 ellare;
761 644 903 722 quibusve

54 737 197 808 urgentur
220 730 340 809 poenisl
356 731 422 809 quis
438 737 535 789 tantus
556 728 676 806 clangor
697 729 733 789 ad
755 727 869 789 aurisl'

54 822 116 875 tnm
138 823 217 875 vates
241 817 284 875 sic
306 831 372 874 orsa
394 814 491 892 loqui:
514 813 589 874 ‘dux
606 812 716 875 inclute
736 813 898 880 Teucrum,

55 898 126 959 nulli
147 898 190 958 las
210 906 290 959 casto
312 897 489 959 sceleratum
506 897 641 959 insistere
662 896 766 965 limen:

55 991 99 1044 set
117 1001 165 1043 me
185 1001 252 1043 curn
273 982 346 1044 lucis
365 983 474 1043 Hecate
501 981 642 1059 pracfecit
665 981 802 1051 hvernis,

55 1070 116 1145 ipsa
140 1067 228 1128 deum
249 1084 359 1145 poenas
381 1066 480 1126 docuit
503 1084 614 1144 perque
636 1067 732 1126 omnia
752 1066 842 1127 duxit.

56 1151 178 1212 Cnosius
200 1151 274 1211 haec
296 1150 535 1211 Rhadamanthus
557 1149 645 1210 habet
669 1151 823 1211 durissima
842 1168 932 1228 regna

56 1237 236 1314 castigatque
256 1234 394 1314 auditque
416 1235 499 1295 dolos
521 1235 687 1314 subigitque
705 1236 789 1296 lateri

56 1337 130 1398 quae
154 1320 218 1397 quis
241 1318 317 1396 apud
333 1337 472 1398 superos,
497 1319 575 1378 furto
597 1318 721 1379 laetatus
739 1321 834 1387 inani,

56 1401 166 1464 distulit
187 1405 216 1462 in
238 1420 334 1463 seram
357 1405 511 1463 commissa
533 1403 646 1479 piacula
664 1412 800 1464 mortem.

56 1488 195 1547 continuo
217 1486 309 1545 sontis
330 1484 419 1546 ultrix
441 1488 570 1546 accincta
589 1485 703 1563 flagello

56 1570 214 1649 Tisiphone
237 1571 329 1648 quatit
349 1567 505 1636 insultans,
527 1577 684 1647 torvosque
707 1569 823 1628 sinistra

56 1655 202 1715 intentans
222 1655 325 1730 anguis
342 1662 426 1714 vocat
448 1654 563 1731 agmina
585 1670 671 1712 saeva
693 1654 856 1713 sororum'

57 1738 129 1817 (tum
152 1739 270 1799 demum
293 1737 448 1798 horrisono
469 1737 625 1798 stridentes
647 1735 766 1798 cardine
788 1755 889 1799 sacrae

57 1823 227 1901 panduntur
248 1823 372 1901 portae.)
418 1823 544 1890 ‘cernis
569 1822 699 1881 custodia
722 1820 815 1899 qualis

55 1907 198 1967 vestibulo
221 1906 340 1967 sedeat?
364 1906 453 1967 iacies
475 1924 550 1984 quae
567 1905 666 1966 limina
685 1907 798 1967 servet?

56 1992 264 2071 quinquaginta
286 1992 356 2051 atris
373 1991 509 2050 immanis
532 1989 658 2051 hiatibus
677 1990 769 2070 hydra

56 2077 168 2137 saevior
189 2077 267 2136 intus
289 2075 378 2135 habet
398 2075 509 2136 sedem.
553 2082 615 2134 tum
636 2074 778 2135 Tartarus
800 2077 862 2152 ipse

54 2159 100 2220 bis
121 2167 202 2238 patet
218 2160 249 2219 in
271 2176 414 2237 praeceps
435 2167 549 2219 tantum
570 2158 720 2238 tenditque
743 2159 797 2220 sub
817 2158 953 2229 umbras,

56 2251 181 2323 quantus
202 2243 239 2304 ad
261 2245 423 2305 aetherium
443 2242 516 2305 caeli
537 2253 692 2320 suspectus
715 2241 878 2322 Olympum.

57 2327 104 2388 hic
121 2344 215 2404 genus
236 2329 386 2406 antiquom
408 2327 535 2398 Terrae,
556 2326 668 2387 Titania
689 2327 797 2404 pubes,

56 2411 176 2472 fulmine
198 2411 301 2471 deiecti
321 2411 411 2472 fundo
433 2411 587 2471 volventur
609 2412 639 2470 in
661 2412 729 2470 imo.

56 2495 104 2554 hic
126 2504 155 2555 et
175 2492 291 2553 Aloidas
314 2496 446 2571 geminos
462 2495 599 2552 immania
621 2494 678 2553 vidi

57 2596 198 2656 corpora,
223 2579 271 2655 qui
292 2576 427 2636 manibus
445 2593 585 2653 magnum
606 2576 777 2637 rescindere
792 2575 905 2636 caelum

57 2662 189 2740 adgressi
207 2662 381 2739 superisque
401 2661 499 2721 lovem
523 2659 681 2720 detrudere
698 2661 806 2737 regnis.

57 2746 114 2807 vidi
133 2753 161 2805 et
183 2743 311 2805 crudelis
334 2745 452 2806 dantem
474 2743 629 2804 Salmonea
649 2762 777 2821 poenas,

58 2830 163 2912 ⁸[dum
184 2829 331 2890 llammam
353 2829 427 2889 lovis
450 2837 478 2890 et
499 2830 610 2890 sonitus
632 2828 761 2889 imitatur
783 2825 921 2908 Olympi]

58 2923 196 2995 quattuor
216 2914 264 2974 hic
285 2915 417 2975 invectus
440 2915 521 2992 equis
544 2920 573 2974 et
594 2912 727 2990 lampada
750 2931 891 2993 quassans

57 3019 110 3079 per
137 3001 257 3062 Graium
280 2997 405 3077 populos
426 2999 597 3076 mediaeque
616 3015 670 3076 per
689 2996 780 3058 Elidis
798 2996 904 3058 urbem

57 3084 118 3145 ibat
139 3101 229 3144 ovans
251 3084 406 3162 divomque
426 3083 481 3143 sibi
503 3082 644 3160 poscebat
663 3082 822 3149 honorem,

58 3169 194 3236 demens,
218 3169 269 3246 qui
287 3168 403 3228 nimbos
426 3176 454 3228 et
473 3185 533 3226 non
555 3165 695 3227 imitabile
718 3166 828 3226 fulmen

57 3271 127 3313 aere
148 3260 177 3312 et
196 3253 386 3330 cornipedum
406 3251 492 3328 pulsu
515 3251 665 3311 simularet
686 3268 839 3328 equorum.

59 3347 87 3396 at
108 3342 191 3414 pater
213 3337 397 3414 omnipotens
419 3336 509 3400 densa
527 3336 602 3394 inter
623 3333 724 3394 nubila
746 3331 836 3394 telum

59 3421 213 3490 contorsit,
235 3438 295 3480 non
314 3419 362 3480 ille
381 3421 460 3480 laces
480 3437 535 3479 nec
555 3419 652 3479 lumea
674 3417 766 3478 taedis

58 3505 168 3566 lumina
205 3506 454 3583 praecipitemque
475 3504 594 3564 immani
616 3501 734 3562 turbine
756 3500 860 3575 adegit.
