2400 3878
402 256 544 305 vultque
560 255 686 304 sunnis
702 256 765 302 VIII

66 412 338 510 Amphitryoniades
359 423 491 473 armenta
516 411 686 489 abitumque
710 425 836 489 pararet,

66 495 197 557 discessu
219 496 334 572 mugire
355 496 445 557 bores
467 505 556 575 atque
577 513 664 556 omne
686 493 822 574 querellis

18 652 20 656 y
64 577 180 658 impleri
198 596 302 640 nemus
321 586 351 640 et
371 579 462 641 colles
485 578 614 640 clamore
633 577 767 658 relinqui.

65 663 193 724 reddidit
214 680 272 724 una
294 663 401 725 bosom
422 681 524 724 vocem
548 674 687 742 vastoque
707 662 761 723 suh
784 670 867 720 antro

63 747 168 825 mugiit
187 757 218 809 et
239 747 306 808 Caci
327 766 411 826 spem
431 748 573 808 custodita
594 746 705 807 leiellit.

63 829 112 891 hic
132 849 203 892 vero
224 829 343 892 Alcidae
366 832 448 891 iuriis
471 838 621 892 exarserat
643 841 707 892 atro

64 912 132 977 lello
154 914 255 976 dolor:
278 917 356 994 rapit
375 933 457 975 arma
479 932 569 975 manu
589 915 731 994 nodisque
753 922 902 991 gravatum

62 997 157 1059 robur
180 1008 209 1060 et
225 1000 299 1059 aerii
318 1017 408 1059 cursu
427 1000 500 1078 petit
521 999 613 1059 ardua
631 999 748 1058 montis.

63 1090 128 1143 tum
148 1083 277 1162 primum
297 1083 389 1142 nostri
409 1083 516 1143 Cacum
538 1082 635 1144 videre
656 1084 807 1142 timentem

63 1164 273 1247 turbatumque
296 1166 404 1227 oculis:
427 1168 502 1243 fugit
523 1166 602 1228 ilicet
623 1168 705 1228 ocior
725 1183 796 1228 euro

62 1248 295 1330 speluncamque
316 1252 389 1328 petit
413 1249 548 1328 (pedibus
568 1252 656 1311 timor
677 1250 786 1312 addidit
808 1248 887 1327 sias).

62 1342 96 1394 nt
118 1351 182 1395 sese
202 1333 320 1395 inclusit
342 1338 497 1413 ruptisque
518 1337 646 1396 immane
667 1336 776 1396 catenis

64 1417 172 1478 deiecit
190 1436 304 1488 saxum,
324 1418 404 1478 lerro
429 1418 508 1498 quod
530 1429 559 1480 et
579 1429 641 1479 arte
661 1427 784 1496 paterna

62 1500 223 1580 pendebat,
234 1501 382 1581 fultosque
404 1504 526 1564 emuniit
548 1502 632 1562 obice
653 1504 755 1581 postis,

63 1602 134 1646 ecce
153 1585 255 1648 fruens
275 1586 378 1647 animis
399 1587 500 1647 aderat
521 1585 691 1665 Tirynthius
711 1601 886 1662 omnemque

64 1686 215 1730 accessum
236 1667 365 1731 lustrans
387 1669 446 1731 huc
467 1688 519 1730 ora
541 1670 655 1731 ferebat
676 1679 705 1729 et
725 1667 802 1737 illuc,

64 1751 201 1813 dentibus
222 1753 404 1816 infrendens.
437 1764 483 1816 ter
503 1764 597 1815 totum
619 1753 746 1814 fervidus
767 1754 810 1812 ira

13 1817 167 1899 Ascrae
186 1837 322 1899 Aventini
343 1847 492 1907 montem,
505 1847 551 1900 ter
574 1856 660 1899 saxea
681 1846 801 1916 temptat

62 1918 163 1980 limina
183 1922 371 2001 nequiquam,
393 1928 439 1982 ter
457 1922 553 1983 lessus
576 1920 649 1993 valle
669 1921 786 1983 resedit.

62 2001 159 2063 stabat
180 2014 264 2066 acuta
286 2005 368 2074 silex,
390 2007 532 2084 praecisis
549 2005 679 2085 undique
700 2007 776 2067 saxis

64 2085 224 2165 speluncae
239 2088 328 2150 dorso
350 2091 515 2168 insurgens,
534 2089 677 2152 altissima
697 2090 769 2157 visu,

63 2169 194 2232 dirarum
215 2172 292 2232 nidis
310 2172 415 2233 domus
439 2181 605 2252 opportuna
626 2173 787 2233 volucrum.

62 2254 148 2324 banc,
172 2264 204 2316 ut
221 2273 316 2333 prona
338 2258 406 2334 iugo
426 2256 538 2318 laevom
559 2256 747 2318 incumbebat
768 2255 797 2315 in
825 2273 950 2321 amnem,

63 2338 167 2399 dexter
187 2340 218 2400 in
240 2341 396 2401 adversum
417 2342 513 2402 nitens
534 2341 683 2402 concussit
706 2351 735 2400 et
753 2341 818 2400 imis

65 2420 195 2483 avolsam
212 2422 298 2498 solvit
317 2423 481 2494 radicibus;
501 2424 570 2486 inde
591 2434 715 2502 repente

61 2504 176 2584 inpulit,
199 2507 318 2584 inpulsu
340 2525 399 2584 quo
421 2510 565 2578 maximus
586 2511 700 2567 intonat
722 2508 832 2576 aether,

62 2586 216 2669 dissultant
236 2592 319 2669 ripae
342 2589 499 2669 refluitque
518 2592 675 2653 exterritus
695 2592 798 2651 amnis.

60 2682 92 2736 at
113 2691 220 2751 specus
241 2685 273 2737 et
292 2676 369 2736 Caci⁴
381 2674 494 2736 detecta
516 2676 650 2755 apparuit
669 2676 774 2751 ingens

61 2757 154 2834 regia,
177 2767 205 2818 et
224 2753 383 2819 umbrosae
405 2762 524 2837 penitus
543 2768 665 2838 patuere
684 2774 840 2819 cavernae:

61 2858 123 2900 non
138 2858 223 2902 secus
239 2859 274 2902 ae
293 2842 376 2921 siqua
398 2843 515 2919 penitus
536 2845 564 2903 vi
584 2854 663 2923 terra
686 2843 840 2903 dehiscens

62 2923 195 2985 infernas
216 2935 331 2986 reseret
351 2925 436 2987 sedes
459 2938 488 2988 et
507 2945 600 3004 regna
620 2926 752 2989 recludat

62 3005 181 3086 pallida,
203 3007 248 3069 dis
269 3009 369 3078 invisa,
393 3028 540 3089 superque
561 3014 688 3073 immane
706 3011 878 3072 barathrum

62 3100 211 3162 cernatur,
234 3091 383 3170 trepident
401 3094 521 3154 himisso
543 3093 653 3156 lumine
674 3113 784 3156 manes.

62 3193 136 3253 ergo
155 3176 304 3253 insperata
325 3175 505 3255 deprensum
523 3177 590 3239 luce
610 3189 734 3257 repente

62 3257 270 3338 inclusumque
291 3277 361 3320 cavo
383 3277 453 3320 saxo
476 3268 563 3340 atque
583 3264 697 3324 insueta
718 3261 873 3352 rudentem

64 3343 193 3426 desuper
214 3341 329 3403 Alcides
350 3342 416 3404 telis
437 3345 546 3425 prerpit
566 3346 721 3423 omniaque
740 3344 822 3405 arma

62 3425 186 3487 advocat
204 3432 233 3486 et
253 3427 345 3486 ram1s
366 3428 510 3510 vastisque
532 3447 563 3490 m
582 3427 720 3489 laribusl
788 3435 811 3488 t

63 3507 113 3570 ille
134 3516 232 3569 autem
256 3508 362 3590 (neque
384 3511 463 3570 enim
484 3510 632 3588 fugatam
652 3529 684 3573 su
