2400 3878
426 220 571 269 VERGILI
593 221 720 271 nurtffls
742 223 767 270 X
1040 215 1101 275 289

96 396 152 461 per
174 396 275 440 remos
297 375 355 438 alii.
393 376 563 456 speculatus
584 376 672 438 litora
694 374 845 448 Tarchon,
1052 389 1102 439 290

96 482 155 545 qua
177 463 250 524 vada
272 478 333 523 non
356 470 456 541 sperat
477 479 533 522 nec
554 460 648 523 hacta
668 469 870 522 remurmurat
892 461 986 539 unda,

98 547 151 610 sed
173 564 255 608 mare
277 545 455 607 inoffensum
478 548 624 608 crescenti
646 545 793 606 adlabitur
816 553 914 617 aestu,

97 633 223 693 advertit
244 628 342 692 subito
364 648 485 711 proram
507 630 661 710 sociosque
682 636 837 709 precatur:

96 718 207 787 ‘nunc,
231 734 249 776 o
271 713 347 776 lecta
369 731 489 782 manus,
513 712 615 796 validis
637 713 800 775 incumbite
822 714 930 783 remim

96 798 206 870 tollite,
219 798 305 860 terte
326 808 421 869 rates;
444 798 597 858 inimicam
619 797 719 860 findite
740 799 846 859 rostris
1051 808 1100 858 teo

97 883 173 945 hanc
195 890 322 953 terram,
345 881 519 962 sulcumque
541 882 598 964 sihi
620 890 737 962 premat
755 884 818 960 ipsa
840 882 950 944 carina.

97 977 234 1051 trangero
255 990 311 1034 nec
330 971 381 1034 tali
401 972 525 1051 puppim
545 973 669 1036 statione
690 992 795 1041 recuso

97 1063 214 1136 arrepta
232 1055 338 1118 tellure
354 1055 466 1118 semel)
500 1074 575 1136 quae
596 1057 664 1118 talia
685 1065 841 1138 postquam

99 1141 203 1202 effatus
222 1139 369 1211 Tarchon,
392 1141 463 1201 socii
489 1158 669 1219 consurgere
688 1144 781 1204 tonsis

96 1225 318 1304 spumantisque
331 1231 419 1286 -rates
437 1224 513 1285 arvis
534 1225 645 1288 inferre
665 1226 784 1298 Latinis,
1059 1232 1112 1285 800

96 1309 191 1385 donec
209 1317 305 1371 rostra
325 1315 427 1370 tenent
448 1310 559 1371 siccum
582 1318 611 1372 et
633 1311 737 1384 sedere
759 1313 876 1385 carinae

96 1410 199 1454 omnes
216 1393 370 1464 innocuae,
392 1394 443 1454 sed
462 1410 522 1453 non
540 1395 648 1473 puppis
670 1403 729 1467 tua,
751 1396 898 1457 Tarchon.

95 1494 223 1557 namque
244 1477 354 1539 inflicta
375 1477 440 1556 vadi
462 1477 550 1538 dorso
572 1478 641 1538 dum
659 1479 767 1558 pendet
786 1480 896 1558 iniquo,

96 1577 205 1641 anceps
226 1568 385 1624 sustentata
405 1562 464 1631 diu,
485 1560 650 1642 ductusque
674 1562 784 1642 fatigat,

96 1645 219 1707 solvitur
240 1653 329 1727 atque
350 1647 429 1707 viros
451 1644 555 1706 mediis
578 1647 697 1724 exponit
717 1648 748 1707 in
766 1646 852 1708 undis

95 1730 239 1807 fragmina
258 1748 408 1792 remorum
431 1748 503 1810 quos
524 1737 552 1791 et
575 1730 718 1792 fluitantia
739 1737 868 1793 transtra

96 1813 267 1892 impediunt,
286 1814 468 1894 retrahitque
488 1814 595 1898 pedem
615 1815 702 1877 simul
723 1811 801 1878 unda
821 1815 968 1878 relabens.

138 1898 199 1959 Nec
220 1897 355 1960 Turnum
377 1899 475 1978 segnis
494 1901 602 1962 retinet
619 1918 713 1972 mora,
735 1901 787 1963 sed
804 1903 883 1981 rapit
904 1919 972 1962 acer

95 1988 185 2042 totam
208 1984 301 2044 aciem
322 1983 354 2043 ln
373 1983 505 2046 Teucros
526 1991 556 2047 et
576 1991 680 2046 contra
701 1986 732 2045 in
753 1985 841 2046 litore
859 1986 943 2047 sistit.

98 2067 181 2145 signa
204 2074 322 2131 canunt.
355 2068 468 2137 primus
489 2075 600 2130 turmas
618 2070 724 2130 invasit
745 2071 869 2147 agrestis

94 2151 215 2221 Aeneas,
237 2168 325 2213 omen
344 2169 469 2230 pugnae,
492 2154 652 2233 stravitque
674 2155 792 2215 Latinos

95 2236 192 2296 occiso
207 2234 356 2306 Therone,
377 2237 471 2299 virum
490 2239 540 2317 qui
560 2239 704 2299 maximus
724 2237 802 2299 ultro

95 2319 213 2380 Aenean
235 2320 322 2398 petit:
344 2319 416 2380 huic
434 2321 530 2398 gladio
549 2337 663 2400 perque
683 2338 770 2383 aerea
791 2331 866 2391 suta,

95 2419 148 2480 per
170 2403 300 2462 tunicam
323 2400 506 2480 squalentem
526 2420 599 2463 auro
620 2402 697 2484 latus
722 2404 821 2483 haurit
843 2415 988 2482 apertum.

95 2485 164 2545 inde
179 2483 290 2544 Lichan
312 2483 389 2556 ierit,
409 2481 559 2546 exsectum
580 2486 640 2545 iarn
662 2492 756 2546 matre
777 2495 931 2566 perempta

96 2574 124 2629 et
145 2566 207 2636 tibi,
231 2564 360 2636 Phoebe,
383 2583 519 2627 sacrum:
543 2585 628 2628 casus
651 2568 775 2630 evadere
792 2570 864 2630 terri

96 2667 153 2728 quo
175 2648 256 2711 licuit
276 2650 385 2728 parvo?
413 2669 469 2712 nec
491 2649 578 2730 longe
599 2651 696 2713 Cissea
720 2652 828 2714 durum

94 2735 311 2814 immanemque
334 2734 424 2814 Gyan,
446 2735 603 2797 sternentis
624 2737 741 2814 agmina
762 2735 849 2806 clava,

95 2816 200 2879 deiecit
217 2818 305 2880 Leto:
325 2818 397 2880 nibli
419 2818 484 2881 illos
505 2818 639 2882 Herculis
661 2839 742 2882 arma

95 2918 150 2963 nee
172 2902 284 2965 validae
305 2905 405 2968 iuuere
426 2923 529 2966 manus
548 2907 722 2986 genitorque
742 2904 913 2986 Melampus,

95 2985 212 3048 Alcidae
234 3007 335 3051 comes
355 3009 449 3070 usque
474 2991 571 3070 grauis
593 2990 662 3052 dum
684 2999 763 3054 terra
786 2990 903 3052 labores

95 3069 240 3146 praebuit.
275 3091 345 3135 ecce
367 3075 473 3146 Pharo,
496 3092 583 3136 voces
605 3076 676 3138 dum
698 3078 785 3138 iactat
805 3077 915 3145 inertis,

95 3153 268 3231 intorquens
288 3157 417 3219 iaculum
440 3158 575 3235 clamanti
597 3162 673 3221 sistit
691 3161 721 3221 in
745 3179 806 3229 ore.

94 3241 127 3295 tu
152 3253 277 3315 quoque,
301 3238 457 3303 flaventem
476 3244 572 3323 prima
593 3243 728 3321 lanugine
750 3243 841 3305 malas

95 3319 164 3380 dum
187 3320 319 3399 sequeris
343 3323 466 3403 Clytium
484 3326 591 3395 iniehx,
614 3345 687 3387 nova
709 3328 824 3404 gaudia,
846 3327 954 3406 Cydon.

96 3403 240 3465 Dardania
260 3412 369 3467 stratus
387 3407 499 3479 dextra,
522 3428 645 3471 securus
668 3428 813 3482 amorum,

96 3489 146 3566 qui
167 3489 304 3550 luvenum
329 3490 382 3552 tibi
402 3509 519 3568 semper
539 3501 631 3562 erant,
655 3494 820 3556 miserande
841 3496 963 3565 iaceres,

148 3604 279 3649 κηποι,
298 3607 406 3644 vasam
865 3593 903 3652 19
