2400 3878
117 2374 165 2459 l

113 2460 183 2549 ⁸³1)

13 2548 193 2857 ι

145 2982 171 3052 ᾖ,

145 3317 179 3387 ff,

453 169 596 216 VERGILI
619 168 758 216 ECLOGA
780 171 843 216 vl11

269 326 398 385 carmina
415 331 516 400 coepta
535 325 606 392 tuis,
624 331 710 402 atquc
726 323 802 383 hanc
817 324 879 383 sine
893 330 1027 401 tempora
1043 329 1165 391 circum

269 411 344 468 inter
367 409 500 467 victrices
523 407 662 467 hederam
684 407 736 466 tibi
759 424 880 484 serpere
901 407 1012 469 laurus.

313 491 428 567 Frigida
452 492 497 549 rix
520 490 600 550 caelo
622 492 717 550 noctis
739 491 906 551 decesserat
926 491 1041 562 umbra,

270 594 338 635 cum
359 593 410 634 ros
433 576 462 633 in
484 582 584 634 tenera
606 576 706 650 pecori
728 576 911 651 gratissimus
932 574 1041 636 herba:
1128 592 1164 643 15

270 658 441 720 incumbens
463 661 547 718 tereti
570 658 682 718 Damon
704 659 747 716 sic
769 659 865 734 coepit
886 657 986 718 olivae.

267 746 302 804 l).
317 743 600 819 ‘Nascerepracqne
612 742 687 801 diem
698 742 816 801 veniens
829 758 892 817 age,
900 741 1026 813 Lucifer,
1035 741 1161 814 almum

270 827 401 903 coniugis
423 826 541 903 indigno
564 825 656 903 Nysae
679 825 819 901 deceptus
841 843 941 885 amore

269 910 339 970 dum
362 927 486 987 queror,
510 917 538 968 et
560 909 655 977 divos,
679 926 854 987 quamquam
874 908 913 968 nil
935 908 1057 970 testibus
1079 911 1139 973 illis

271 992 397 1070 proieci,
422 1001 550 1053 extrema
573 994 701 1052 moriens
722 1001 819 1052 tamen
842 990 982 1071 adloquar
1004 993 1089 1054 hora.
1123 1007 1161 1060 20

312 1078 408 1152 incipe
429 1075 587 1136 Maenalios
609 1094 739 1144 mecum,
762 1094 826 1136 mea
848 1075 933 1145 tibia,
957 1094 1068 1136 versus.

275 1158 422 1220 Maenalus
444 1168 638 1237 argutumque
659 1177 763 1218 nemus
784 1161 926 1238 pinosque
947 1158 1093 1238 loquentis

270 1261 386 1320 semper
408 1243 511 1311 hahet;
535 1260 651 1319 semper
673 1251 825 1320 pastorum
847 1241 895 1303 ille
916 1243 995 1304 audit
1017 1262 1137 1307 amores

270 1326 420 1404 Panaque,
444 1328 492 1405 qui
515 1329 627 1404 primus
649 1325 775 1386 calamos
798 1344 856 1386 non
878 1344 982 1403 passus
1003 1328 1115 1389 inertis.

312 1412 407 1488 incipe
428 1410 585 1471 Maenalios
606 1429 738 1480 mecum,
761 1429 825 1470 mea
848 1409 931 1480 tibia,
954 1428 1064 1472 versus.
1122 1423 1157 1476 π»

275 1495 377 1572 llopso
399 1494 474 1574 Nysa
497 1495 595 1555 datur:
619 1495 687 1573 quid
710 1512 769 1554 non
791 1512 943 1572 speremus
965 1497 1112 1555 amantes?

271 1580 427 1655 iungentur
449 1580 506 1638 iam
528 1596 634 1657 grypes
657 1580 752 1655 cquis
777 1595 905 1654 aevoque
927 1580 1060 1656 sequenti

271 1679 337 1719 cum
360 1661 481 1720 canibus
503 1663 593 1720 timidi
615 1663 729 1720 venient
750 1660 786 1719 ad
808 1658 911 1735 pocula
924 1660 1076 1722 ‘dammae
1121 1673 1158 1728 28

312 1744 407 1818 incipe
428 1743 585 1802 Maenalios
606 1760 735 1810 mecum,
758 1760 822 1800 mea
844 1741 926 1809 tibia,
950 1760 1061 1804 versus

270 1825 388 1901 Mopse,
411 1842 500 1884 novas
521 1825 616 1885 incide
638 1825 732 1884 laces:
755 1823 805 1882 tibi
828 1824 942 1884 ducitur
964 1844 1054 1896 urmr;
1120 1838 1156 1894 29

270 1925 385 1985 sparge,
401 1910 512 1976 marite,
528 1926 631 1968 nuces:
649 1907 700 1966 tibi
716 1907 1096 1984 deseritllosperusiletam.
1119 1922 1156 1978 30

313 1993 409 2069 incipe
429 1992 587 2052 Maenalios
608 2010 738 2061 mecum,
760 2010 825 2051 mea
847 1991 932 2062 tibia,
955 2011 1066 2054 versus.

272 2074 296 2135 0
319 2076 406 2152 digno
429 2077 581 2135 coniuncta
603 2077 680 2144 viro,
704 2076 773 2136 dum
795 2076 920 2153 despicis
943 2095 1052 2148 omnes,

263 2158 398 2236 ¹dumque
420 2159 472 2219 libi
494 2167 537 2218 est
559 2159 623 2218 odio
646 2178 710 2219 mea
732 2158 827 2220 fistula
849 2161 996 2238 dumque
997 2159 1132 2255 capellae

270 2242 473 2319 hirsutumque
495 2242 682 2320 supercilium
704 2245 906 2323 promissaque
928 2229 1033 2304 barba

271 2343 325 2385 nec
348 2343 452 2386 curare
474 2325 560 2386 deum
583 2327 678 2386 credis
700 2327 832 2388 mortalia
855 2346 941 2407 quern
1031 2373 1038 2387 .
1118 2339 1154 2395 35

312 2409 407 2485 incipe
428 2409 585 2470 Maenalios
606 2429 735 2480 mecum,
758 2430 822 2471 mea
844 2412 929 2481 tibia,
956 2428 1063 2471 versus.

758 2502 786 2555 te
807 2497 922 2556 roscida
945 2491 1019 2555 mala

273 2576 340 2655 (dux
363 2594 417 2654 ego
438 2584 534 2638 vester
557 2579 646 2658 eram)
669 2579 726 2640 vidi
748 2597 815 2639 curn
837 2587 931 2640 matre
952 2578 1105 2655 legentem.

271 2661 344 2721 alter
366 2661 402 2722 ab
425 2662 579 2722 undecimo
601 2669 663 2722 turn
685 2682 732 2722 me
753 2665 810 2723 iam
833 2670 998 2740 acceperat
1006 2677 1114 2730 annus;

271 2745 328 2802 iam
351 2744 460 2820 fragilis
480 2753 612 2821 poteram
635 2745 672 2804 ab
695 2753 773 2806 terra
796 2747 964 2820 contingere
986 2760 1092 2802 ramos
1117 2754 1153 2808 40

271 2834 303 2885 ut
324 2825 452 2885 vidit
421 2833 452 2885 ut
473 2828 561 2906 perii,
584 2834 616 2887 ut
637 2845 683 2887 me
705 2828 798 2890 malus
820 2826 937 2888 abstulit
924 2832 1054 2885 terror.

312 2909 407 2984 incipe
429 2908 585 2969 llaenalios
607 2929 736 2982 mecum,
759 2929 824 2972 mea
844 2909 929 2977 tibia,
952 2925 1062 2968 versus

268 2990 353 3051 Nunc
375 2992 450 3061 scio,
473 2993 541 3070 quid
564 2995 600 3053 sit
621 2996 719 3055 Amor.
751 2994 831 3055 duris
852 2993 881 3051 in
904 2990 1017 3052 cotibus
1039 2990 1121 3054 illum

271 3081 320 3135 aut
342 3075 464 3136 Tmaros
486 3085 535 3137 aut
556 3077 697 3157 Rhodope
719 3083 767 3138 aut
789 3075 909 3136 extremi
931 3073 1123 3137 Garamantes

270 3176 325 3219 nec
346 3161 462 3235 generis
483 3164 576 3221 nostri
597 3179 720 3240 puerum
741 3177 796 3219 nec
817 3158 965 3234 sanguinis
988 3158 1085 3219 edunt.
1114 3170 1151 3226 45

313 3244 407 3320 incipe
429 3245 585 3305 Maenalios
606 3259 734 3311 mecum,
757 3259 821 3301 mea
841 3241 924 3313 tibia,
947 3260 1058 3303 versus.

274 3326 381 3387 Saevos
403 3329 492 3388 Amor
514 3329 612 3388 docuit
631 3334 765 3386 natorum
788 3327 928 3402 sanguine
949 3333 1073 3388 matrem

272 3411 486 3473 commaculare
506 3428 623 3480 manus,
647 3407 784 3468 crudelis!
808 3416 840 3470 tu
863 3428 993 3490 quoque,
1016 3416 1120 3478 mater,
