2400 3878
139 179 201 244 280
475 189 618 238 versun
636 190 760 240 iunius
776 191 814 238 rx

136 362 230 428 equos
252 345 323 406 alios
344 363 454 415 muros,
477 361 561 422 quae.
574 345 632 405 iam
650 346 726 405 ultra
748 347 862 406 moenia
884 346 1015 408 hebetis?

141 451 216 495 nnus
237 431 326 490 homo
348 435 377 489 et
398 430 510 497 vestris,
535 447 552 487 o
574 430 661 500 cives,
680 429 809 508 undique
832 440 950 509 saeptus

140 515 298 595 aggeribus
319 521 413 573 tantas
435 521 547 589 strages
567 514 676 590 inpune
697 531 751 590 per
772 513 876 574 urbem

142 600 282 663 ediderit?
304 600 443 657 iuvenum
466 598 578 675 primos
600 604 642 656 tot
660 598 771 657 miserit
793 596 886 658 Orco?

140 703 199 745 non
220 681 343 743 infelicis
364 682 474 758 patriae
496 689 684 759 veterumque
705 681 827 741 deorum

141 778 170 829 et
190 768 287 844 magni
309 768 433 833 Aeneae,
456 781 571 840 segnes,
591 766 768 843 miseretque
789 765 968 843 pudetquei'

141 851 245 913 talibus
267 850 383 910 accensi
404 850 556 908 firmantur
578 856 607 909 et
627 850 742 925 agmine
762 849 852 908 denso

141 938 312 998 consistunt.
346 932 462 993 Turnus
486 931 624 1011 paulatim
647 932 789 993 excedere
810 950 909 1010 pugna

141 1029 170 1081 et
191 1019 311 1078 ilnvinm
331 1026 433 1094 petere
456 1035 490 1076 ac
513 1024 637 1092 purtem,
660 1036 735 1095 qnae
757 1017 883 1092 cingitur
902 1018 994 1086 unda;

140 1105 236 1164 acrius
261 1103 318 1161 hoc
336 1100 444 1161 Teucri
465 1099 782 1161 clamoreincumbere
804 1117 910 1177 magno

140 1198 169 1249 et
190 1185 354 1262 glomerare
375 1202 503 1244 manum.
537 1202 591 1244 ceu
612 1201 728 1244 saevom
749 1183 835 1245 turba
858 1184 970 1246 leonem

140 1289 207 1331 cum
226 1268 291 1329 telis
311 1270 418 1346 premit
439 1267 567 1336 infensis,
590 1277 619 1328 at
639 1270 759 1328 territus
779 1268 836 1337 ilie,

140 1371 235 1431 asper,
256 1351 362 1412 acerba
384 1359 477 1420 tuens,
501 1359 581 1411 retro
602 1352 686 1423 redit,
708 1360 736 1413 et
755 1370 851 1431 neque
870 1359 952 1429 terga

139 1439 182 1498 ira
205 1437 275 1498 dare
297 1443 347 1496 aut
367 1438 458 1496 virtus
480 1437 598 1513 patitur,
619 1454 675 1498 nec
696 1436 816 1496 tendere
836 1445 937 1498 contra

139 1521 187 1583 ille
204 1521 321 1599 quidem
343 1521 400 1580 hoc
421 1522 540 1598 cupiens
560 1523 636 1598 potis
658 1530 701 1581 est
721 1538 775 1597 per
797 1519 853 1581 tela
872 1523 1024 1600 virosque:

140 1607 210 1666 haut
232 1605 316 1666 aliter
337 1613 417 1665 retro
440 1604 546 1665 dubius
567 1606 686 1682 vestigia
708 1604 826 1665 Turnus

139 1691 325 1769 inproperata
346 1689 447 1757 refert,
470 1698 498 1749 et
520 1707 602 1748 mens
622 1696 770 1749 exaestuat
790 1690 843 1750 im.

140 1776 209 1851 quin
233 1775 319 1834 etiam
339 1772 384 1831 bis
407 1780 468 1830 tum
488 1772 765 1831 mediosinvaserat
786 1772 887 1840 hostis,

139 1856 184 1916 bis
207 1856 327 1916 confusa
349 1856 417 1930 iuge
438 1872 492 1931 per
515 1872 615 1913 muros
637 1857 752 1929 agmina
771 1857 869 1923 vertit;

139 1940 191 2000 sed
212 1957 315 1998 manus
339 1957 355 1998 e
377 1940 478 1997 castris
502 1956 628 2015 propere
651 1939 709 1997 coit
730 1940 824 1998 omnis
845 1940 875 1998 in
898 1956 996 2006 unum,

140 2042 195 2083 nec
217 2031 317 2082 contra
338 2023 415 2080 vires
437 2020 525 2081 audet
546 2021 680 2081 Saturnia
702 2021 774 2081 luno

138 2108 283 2178 sufficere,
307 2106 417 2165 aeriam
440 2102 520 2165 caelo
543 2123 610 2165 nam
633 2105 764 2184 iuppiter
786 2105 856 2165 Irim

139 2191 254 2252 demisit
275 2207 431 2266 germanae
452 2189 529 2249 haud
552 2189 649 2249 mollio
670 2191 748 2250 iussa
772 2190 925 2258 serentem,

139 2276 168 2334 ni
189 2274 306 2334 Turnus
329 2273 412 2333 cedat
433 2272 616 2333 Teucrorum
637 2273 794 2334 moenibus
815 2274 887 2334 altis.

140 2376 210 2436 ergo
233 2376 288 2417 nec
311 2355 404 2434 clipeo
426 2358 538 2417 iuvenis
560 2358 720 2418 subsistere
740 2367 851 2419 tantum

140 2461 193 2502 nec
213 2442 313 2501 dextra
337 2438 425 2501 velet:
448 2442 561 2503 iniectis
584 2443 626 2502 sic
648 2442 777 2520 undique
797 2441 860 2503 telis

139 2526 284 2587 obruitur.
320 2526 424 2602 strepit
445 2526 566 2588 adsiduo
589 2545 657 2588 cava
680 2535 814 2604 tempora
834 2527 944 2586 circum

138 2612 242 2670 tinnitu
262 2608 352 2686 galea,
378 2619 407 2670 et
428 2612 505 2671 saxis
528 2611 620 2671 solida
643 2629 710 2671 aera
730 2611 874 2677 fatiscunt,

139 2695 345 2771 discussaeque
365 2694 452 2756 iubae
470 2697 566 2773 cupiti,
590 2714 646 2756 neo
663 2695 770 2754 sufficit
793 2693 882 2754 umbo

138 2778 258 2837 ictibus:
278 2778 459 2854 ingeminant
479 2780 570 2839 hastis
591 2788 620 2839 et
640 2779 733 2838 Troes
757 2787 784 2838 et
806 2778 868 2855 ipse

139 2861 295 2921 fulmineus
313 2863 490 2924 Mnestheus.
523 2873 584 2922 tum
608 2870 668 2922 toto
690 2878 816 2938 corpore
835 2859 925 2919 sudor

138 2944 256 3022 liquitur
278 2953 306 3005 et
327 2947 442 3022 piceum
467 2948 531 3021 (nec
553 2946 700 3021 respirare
723 2943 860 3022 potestas)

138 3028 246 3088 flumen
270 3030 347 3104 agit:
369 3029 462 3088 fessos
483 3029 574 3106 quatit
595 3045 683 3103 aeger
708 3024 852 3086 anhelitus
874 3031 963 3087 artus.

137 3120 198 3173 tum
222 3113 339 3171 demum
358 3128 501 3188 praeceps
524 3109 599 3170 saltu
621 3127 688 3170 sese
709 3109 844 3169 omnibus
864 3109 951 3169 armis

138 3197 167 3255 ln
191 3195 308 3254 fluvium
332 3192 428 3253 dedit:
451 3194 500 3254 ille
522 3212 576 3254 suo
594 3213 661 3254 cnm
683 3196 797 3272 gurgite
816 3195 889 3253 ssavo

139 3282 250 3354 accepit
271 3276 434 3337 venientem
457 3297 491 3340 ac
513 3278 648 3339 moninus
667 3278 768 3339 extulit
789 3278 875 3339 undis

137 3371 167 3422 et
184 3361 292 3421 laetum
311 3363 398 3422 sociis
420 3362 517 3424 abluta
541 3363 630 3425 caede
648 3363 768 3424 remisit.
