2400 3878
135 209 197 269 328
473 219 616 265 vnnorm
631 220 756 267 anunm
774 220 811 266 xr

135 377 302 445 ‘hactenus
325 381 401 436 Acca
421 394 516 443 soror,
538 377 636 452 potui:
658 393 738 435 nunc
760 376 860 436 volnus
882 377 1022 439 acerbum

137 461 261 527 conficit,
283 471 312 518 et
329 459 459 520 tenebris
479 460 649 535 nigrescunt
671 460 767 518 omnia
790 461 911 520 circum.

136 545 231 620 effuge·
254 554 282 603 et
302 543 375 603 haec
394 542 495 602 Turno
519 542 653 601 mandata
677 545 843 603 novissume
865 547 980 622 perier:
1091 553 1148 606 825

136 627 271 687 succedat
293 645 409 704 pugnae
427 627 628 702 Troianosque
651 636 749 695 arceat
769 626 852 687 urbe.

136 713 252 787 iamque
275 710 355 770 vaie'
392 709 478 770 simul
501 711 545 769 his
566 710 651 769 dictis
671 709 821 788 linquebat
840 711 979 781 habenas,

138 795 171 857 sd
191 806 301 854 terram
322 814 381 854 non
403 803 508 873 sponte
530 794 633 854 fluens.
666 801 729 853 tum
752 794 857 872 frigida
880 806 940 855 toto

135 879 273 955 paulatim
297 878 417 938 exsolvit
437 897 469 937 se
492 895 617 955 corpore
640 877 777 954 lentaque
796 878 868 938 colla

136 976 164 1021 et
184 973 301 1039 captum
322 962 379 1022 leto
402 963 499 1039 posuit
521 972 616 1039 caput,
640 980 721 1020 arma
741 961 918 1040 relinquont,
1095 973 1152 1026 888

136 1049 249 1123 vitaque
272 1064 339 1105 cum
361 1048 469 1121 gemitu
493 1046 566 1122 sugit
588 1046 736 1120 indignata
759 1045 813 1105 sub
838 1046 965 1108 umbras.

135 1142 195 1189 tum
218 1149 286 1188 vero
309 1132 458 1189 inmensus
481 1145 606 1204 surgens
625 1129 692 1188 ierit
712 1148 800 1189 aurea
820 1129 931 1190 clamor

134 1214 242 1272 sidera:
266 1214 377 1273 deiecta
400 1213 546 1273 crudescit
567 1230 665 1289 pugna
689 1212 817 1280 Camilla,

135 1299 289 1356 incurrunt
311 1297 393 1356 densi
414 1295 501 1356 simui
523 1297 618 1355 omnis
641 1298 723 1373 copia
743 1297 890 1358 Teucrum

134 1381 335 1459 Tyrrhenique
357 1383 447 1441 duces
469 1380 656 1457 Euandrique
678 1382 807 1440 Arcades
828 1381 900 1442 alae.
1094 1389 1150 1442 835

175 1471 211 1524 At
233 1465 347 1524 Triviae
370 1475 468 1525 custos
489 1465 649 1524 iandudum
669 1465 699 1523 in
720 1465 869 1524 montibus
890 1465 960 1543 Opts

135 1550 189 1608 alta
209 1551 291 1609 sedet
313 1553 436 1609 summis
458 1558 627 1627 spectatque
650 1549 783 1608 mterrita
806 1567 929 1626 pugnas.

134 1645 224 1710 utque
245 1632 349 1709 procul
371 1633 468 1694 medio
488 1635 626 1693 iuvenum
648 1634 677 1692 in
697 1631 825 1693 clamore
848 1632 995 1693 furentum

135 1720 284 1795 prospexit
307 1718 382 1776 tristi
406 1717 563 1778 mulcatam
584 1725 678 1775 morte
702 1715 859 1784 Camillam,

133 1802 332 1879 ingemuitque
355 1801 493 1878 deditque
514 1801 566 1859 has
587 1802 645 1858 imo
663 1808 783 1876 pectore
807 1819 910 1860 voces:
1093 1806 1149 1858 840

134 1884 209 1940 ‘heu
231 1885 361 1943 nimium.
384 1886 475 1959 virgo,
500 1885 622 1942 nimium
645 1883 766 1942 crudele
788 1883 866 1943 luisti

133 1967 317 2044 supplicium,
340 1967 471 2026 Teucros
495 1975 596 2026 conata
619 1960 764 2026 lacessere
786 1967 876 2025 bello!

134 2069 189 2111 nec
211 2049 262 2108 tibi
285 2050 418 2110 desertae
441 2053 472 2109 in
494 2051 589 2110 dumis
612 2049 737 2110 coluisse
760 2053 879 2110 Dianam

133 2135 242 2212 profuit
264 2143 314 2194 aut
335 2144 450 2194 nostras
474 2152 576 2193 nmero
599 2134 728 2213 gessisse
742 2135 867 2211 sagittas.

134 2236 192 2277 non
213 2229 310 2278 tamen
332 2217 499 2278 indecorem
519 2228 616 2278 tuate
639 2220 740 2294 regina
761 2217 877 2296 reliquit
1093 2227 1147 2277 845

132 2316 263 2363 extrema
285 2303 344 2362 iam
366 2304 396 2362 in
418 2312 522 2370 morte,
543 2320 639 2381 neque
659 2301 715 2362 hoc
734 2304 797 2361 sine
815 2304 934 2363 nomine
956 2313 1045 2363 tetum

133 2405 185 2465 per
208 2388 303 2463 gentis
325 2387 381 2447 erit
402 2395 452 2447 aut
473 2387 579 2446 famam
602 2386 721 2463 patieris
740 2386 860 2446 inultae.

132 2489 198 2530 nam
218 2472 394 2549 quicumque
416 2479 499 2531 tuum
524 2469 640 2529 violavit
663 2469 780 2531 volnere
802 2489 919 2549 corpus,

133 2564 226 2615 morte
248 2554 309 2615 luet
325 2553 449 2617 merita'
477 2556 530 2615 suit
555 2556 657 2630 ingens
679 2565 779 2615 monte
798 2554 852 2615 sub
877 2553 934 2614 alto

132 2640 209 2716 regis
230 2639 377 2700 Dercenni
400 2648 518 2700 terreno
539 2657 574 2700 ex
594 2656 701 2716 aggere
724 2639 842 2700 bustum
1093 2644 1148 2696 855

132 2725 242 2801 antiqui
264 2723 416 2784 Laurentis
439 2741 589 2803 opacaque
611 2722 677 2783 ilice
702 2734 827 2783 tectum:

132 2807 179 2866 hic
200 2807 253 2866 dea
276 2825 308 2865 se
330 2809 457 2883 primum
480 2808 583 2885 rapido
605 2807 815 2884 pulcherruma
838 2808 903 2866 nisu

131 2893 206 2947 sistit
226 2898 255 2949 et
275 2893 443 2949 Arruntem·
456 2889 570 2950 tumulo
592 2889 759 2967 speculatur
779 2890 815 2948 ab
834 2890 901 2950 aito.

132 2982 162 3032 ut
185 2971 254 3031 vidit
275 2971 431 3032 laetantem
454 2973 558 3033 animis
580 2990 614 3032 ac
634 2990 705 3031 vana
729 2984 897 3042 tumentem,

148 3061 214 3115 cur'
232 3056 327 3133 inquit
350 3055 497 3124 ‘diversus
520 3054 600 3114 abis?
622 3055 680 3115 huc
700 3055 801 3132 derige
822 3075 965 3134 gressum,
1092 3064 1149 3119 855

132 3141 189 3200 huc
209 3141 340 3218 periture
363 3140 436 3208 veni,
460 3140 557 3216 capias
577 3151 610 3199 ut
629 3138 716 3214 digna
737 3138 871 3201 Camillae

132 3226 270 3302 praemia.
302 3232 373 3284 tune
397 3225 483 3283 etiam
507 3222 571 3282 telis
595 3222 722 3282 moriere
745 3221 885 3284 Dianaet'

133 3309 212 3376 dixit,
237 3319 266 3381 et
283 3316 385 3369 aurata
407 3307 555 3368 volucrem
577 3305 732 3376 'i'hraeissa
755 3306 889 3380 sagittam

132 3392 312 3470 deprompsit
329 3391 468 3469 pharetra
491 3409 644 3468 cornuque
666 3388 777 3450 infensa
803 3391 926 3470 tetendit

132 3484 159 3535 tt
180 3476 261 3537 duxit
280 3474 376 3554 longe,
401 3475 495 3536 donec
518 3484 636 3535 curvata
657 3474 772 3534 coirent
1093 3484 1150 3535 888
