2400 3878
98 190 160 241 xvr
404 187 451 235 nu
473 188 556 236 vura
577 187 623 235 nr
644 188 798 238 scamnis
866 175 872 189 '

98 350 138 406 nlt
147 341 177 420 ¹).
218 361 279 404 mox
305 349 332 405 ln
358 348 437 403 tertia
456 346 649 422 elegantissimi
671 354 699 402 et
723 347 845 403 acerrimi
865 346 959 404 iudicis
985 349 1104 409 savorem

97 431 229 505 gloriatus
250 448 275 487 v.
303 429 344 489 84
364 447 405 504 sq.
432 432 555 488 Bauium
585 428 732 502 (mortuum
764 437 834 487 teste
859 429 1022 506 Hieronymo
1048 451 1104 492 non

97 514 183 570 mullo
198 520 262 588 post
282 515 309 571 in
325 513 502 589 Cappadocia,
524 531 547 570 a.
565 507 636 589 719)
652 518 680 570 el
694 513 837 571 Maesium
850 515 981 587 pessimos
997 525 1025 572 et
1039 534 1104 574 oon·

97 598 290 671 temptissimos
306 614 362 655 non
382 605 476 672 poetas
498 603 602 654 tantum
617 595 665 652 sed
685 597 806 653 homines
821 599 902 653 etiam
923 598 1009 655 tacete
1024 603 1104 657 casti·

97 682 172 754 gavit
186 698 211 738 r.
229 681 269 740 90
284 699 325 756 sq.
334 675 373 754 ²),
389 683 435 756 qui
450 682 502 737 nisi
517 680 589 737 ultro
605 678 750 737 maledictis
771 680 941 738 lacessissent
956 681 997 738 rel
1018 685 1103 757 ipsius

96 763 262 821 lenissimum
285 767 401 821 animum
421 764 463 821 rel
489 763 555 820 adeo
580 762 743 827 Pollionem,
769 765 812 820 vir
838 772 891 821 tam
910 766 977 822 viles
1003 768 1103 823 animas

96 850 197 922 apertis
212 850 291 904 etiam
306 846 458 905 nomInihus
470 848 532 905 odio
544 846 741 922 elegantiorum
756 847 894 905 hominum
909 850 1062 907 tradidisset
1068 843 1102 924 3).

95 931 231 1003 aliquanto
257 932 409 994 meliorem,
439 931 487 988 sed
515 931 636 988 invidum
659 937 754 988 nostro
785 940 892 1006 poetam
920 933 1104 1006 Cornificium

96 1014 220 1088 tetigisse
244 1014 387 1088 putabatur
407 1015 537 1089 Amyntae
562 1016 671 1071 nomine
695 1015 724 1071 in
749 1014 844 1090 ecloga
870 1017 963 1089 qulnta
983 1035 1008 1072 v.
1025 1017 1043 1075 8
1059 1034 1101 1091 sq.

96 1094 141 1170 (cl.
156 1097 179 1153 ll
195 1092 291 1171 39)⁴),
318 1115 397 1172 quam
422 1098 468 1154 ille
488 1099 571 1173 ipsam
596 1097 679 1173 paulo
704 1099 818 1171 postia
842 1097 965 1156 bucolico
986 1099 1103 1158 tortasse

98 1183 214 1237 carmine
230 1180 300 1254 (nam
316 1183 343 1238 in
359 1181 453 1238 eodem
468 1191 525 1238 tum
538 1197 592 1255 quo
605 1180 739 1255 Vergilius
754 1197 868 1254 poeseos
881 1198 981 1257 genere
995 1189 1103 1256 praeter

95 1265 254 1320 amatorium
264 1264 442 1321 elaboravisse
451 1263 620 1337 statuendus)
628 1264 947 1323 hooversiculo‘tordeo
958 1269 1008 1339 gui
1017 1268 1100 1339 dicit,

96 1355 229 1421 superest
250 1354 280 1405 ut
302 1353 398 1406 tritico
419 1348 516 1406 dicut'
533 1347 578 1420 (ol.
596 1348 646 1405 ecl.
663 1347 685 1403 V
700 1346 750 1419 36)
768 1349 905 1405 cavillatus
921 1344 1002 1423 est5).
1034 1349 1102 1406 alius

161 1574 182 1643 ¹)
201 1576 325 1635 ‘Alexim
344 1593 414 1642 quem
425 1579 513 1628 dicunt
523 1577 714 1628 Alexandrum:
730 1577 781 1640 suit
798 1592 886 1628 seruus
904 1578 990 1630 Asinii
1005 1580 1096 1633 Pollio·

91 1645 148 1704 nis,
171 1659 240 1709 quem
262 1644 384 1708 Virgilius
400 1651 505 1709 rogatus
522 1647 558 1695 od
575 1646 713 1709 prandium
730 1661 784 1695 cum
800 1646 948 1696 vidissetis
965 1648 1100 1698 ministerio

93 1711 198 1761 omniura
221 1712 413 1775 pulcherrimum
435 1714 547 1771 ditescit,
580 1714 682 1776 eumque'
709 1713 775 1762 dono
807 1713 907 1776 accepit
934 1751 940 1763 .
963 1749 970 1763 .
995 1753 1001 1766 .
1026 1750 1032 1762 .
1060 1717 1103 1779 gui

97 1775 206 1840 (Pollio)
229 1793 259 1828 eo
282 1785 393 1842 tempore
415 1779 616 1841 transpadanam
638 1779 733 1827 Italiae
748 1783 850 1840 partem
867 1779 969 1828 terrebat
985 1786 1010 1830 et
1032 1783 1101 1845 agris

91 1850 216 1909 praeerat
228 1842 382 1895 diuidendia’
403 1843 516 1894 Servius
528 1844 564 1893 ad
575 1843 626 1893 ecl.
638 1844 667 1893 II
680 1844 694 1892 1
708 1843 744 1892 cf.
760 1843 845 1895 schol.
858 1845 939 1893 Bern.
952 1852 1018 1908 arg:
1035 1851 1101 1896 ‘me-

93 1913 163 1962 nime
190 1913 283 1962 dilexit
306 1912 420 1963 Cebetem
442 1917 467 1961 et
490 1912 678 1967 Ateaeondmm,
707 1925 777 1975 quem
798 1912 910 1960 secunda
936 1911 1102 1962 bucolicorum

96 1981 184 2042 ecloga
201 1978 304 2028 Alexim
322 1980 449 2043 appellat,
467 1980 586 2029 donatum
601 1978 652 2028 sibi
667 1977 699 2026 ab
717 1976 809 2027 Asinio
827 1978 955 2035 Pollione,
973 1984 1102 2043 utrumque

95 2060 144 2095 nou
157 2047 324 2095 ineruditum'
342 2048 468 2097 Donatus
480 2059 508 2110 p.
521 2047 562 2098 ot.
582 2044 617 2094 cI.
630 2044 743 2096 Servius
761 2042 796 2093 ad
813 2043 855 2094 ecl
876 2044 947 2095 1115
965 2043 1103 2096 Martialis

101 2110 169 2163 VIII
187 2114 220 2164 56
237 2112 369 2178 Apuleius
387 2112 459 2177 apol.
480 2115 519 2165 10.
537 2111 601 2162 vide
619 2111 741 2177 prolegg.
758 2125 785 2175 p.
804 2113 820 2160 3
838 2125 877 2175 sq.

165 2177 186 2243 ²)
205 2179 410 2245 Philargyrins,
430 2179 513 2230 schol.
524 2179 616 2242 Berm,
635 2177 746 2230 Servius
765 2176 800 2228 ad
818 2177 866 2227 ecl.
878 2177 920 2228 III
932 2177 1102 2243 ibidemque

98 2244 134 2295 ad
152 2246 205 2297 VII
228 2249 269 2296 21.
311 2247 343 2298 de
366 2247 475 2297 Maeuio
498 2246 535 2298 cf.
558 2246 671 2296 Horatii
694 2244 772 2310 epod.
797 2246 828 2295 10
851 2249 879 2293 et
905 2244 1102 2310 Porphyrionis

99 2311 312 2364 adnotationem.
340 2314 457 2363 Domitii
473 2313 561 2363 Marsi
578 2313 607 2361 in
623 2313 738 2363 Bavium
757 2315 909 2361 curatorem
927 2313 1102 2377 epigramma,

101 2381 173 2443 quod
194 2379 378 2445 Hieronymus
405 2396 432 2444 p.
453 2381 486 2429 41
509 2380 629 2430 servavit
652 2383 680 2429 et
702 2378 851 2430 scholiasta
871 2380 1020 2430 Beruensis
1041 2379 1060 2431 1.
1081 2379 1100 2429 1.

96 2447 278 2507 adumbrarit,
289 2451 351 2513 post
362 2447 431 2497 altos
441 2446 587 2497 emendare
599 2451 714 2496 conatus
726 2461 785 2496 sum
796 2446 826 2494 in
834 2459 902 2496 mus.
913 2445 1000 2497 Rhen.
1011 2445 1103 2496 XVIII

96 2528 123 2578 p.
141 2515 205 2578 476,
220 2512 279 2594 alia
297 2514 416 2564 tortasse
435 2513 622 2579 probabiliora
639 2513 668 2562 in
686 2513 783 2562 eodem
799 2511 936 2562 volumine
955 2528 980 2578 p.
998 2515 1048 2563 633
1061 2527 1102 2578 sq.

98 2580 460 2713 propllffllbtimgbbbhvfslabglb
475 2647 570 2697 dicunt
585 2645 789 2710 Philargyrius,
803 2644 929 2708 Servius,
949 2646 1103 2698 scholiasta

95 2716 244 2765 Beruensis
255 2716 272 2768 l.
285 2715 317 2778 l.‚
330 2716 401 2765 inter
413 2716 612 2766 obtrectatores
623 2717 748 2764 numerat
761 2712 872 2764 Servius
889 2713 924 2763 ad
936 2713 985 2763 ecl.
996 2714 1102 2780 V1121,

96 2795 259 2862 quamquam
271 2783 318 2832 vix
330 2780 476 2862 probabile
489 2782 518 2829 in
529 2779 643 2830 culicem
660 2781 739 2844 pueri
756 2795 852 2860 poema
865 2780 990 2859 invectos
1003 2780 1102 2849 falsae,

97 2847 991 2980 ‘ittIltirtabrittianitlattltlttltttla
1008 2921 1103 2966 uam

98 2981 231 3046 Virgilium
251 2982 374 3032 scribere’
410 2981 522 3032 Servius
539 2980 574 3030 ad
592 2980 641 3030 ecl.
660 2981 750 3043 1139,
774 2980 861 3031 schol.
879 2983 960 3031 Bern.
979 2982 1059 3036 adh.
1081 2983 1103 3038 l.

95 3051 124 3097 et
135 3047 172 3096 ad
184 3047 237 3098 ecl.
249 3048 273 3098 V
285 3049 309 3098 8.
327 3047 409 3098 Codri
426 3049 534 3098 nomine
548 3048 595 3112 qui
607 3046 781 3098 Cornificium
798 3047 993 3112 Intellegerent
1012 3049 1103 3102 fuisse

95 3113 295 3166 schollveron.
310 3119 338 3166 et
350 3116 431 3165 Bern.
446 3115 481 3165 ad
494 3114 692 3179 eol.V1126sq.
704 3114 831 3167 traditur.
851 3115 993 3180 scripsisse
1006 3123 1106 3169 contra

94 3180 246 3245 Vergilium
266 3188 326 3246 poet
343 3183 466 3246 quintam
484 3181 590 3231 demum
609 3181 731 3246 eclogam
747 3182 865 3232 videtur.
900 3186 1020 3234 ceterum
1036 3185 1104 3238 ride

95 3247 216 3313 prolegg.
235 3250 268 3300 96
280 3264 321 3314 sq.
358 3263 481 3314 premens
492 3247 608 3312 Vergilii
619 3249 705 3300 rerba
727 3248 859 3298 ‘montibus
875 3249 902 3298 in
918 3252 1012 3300 nostis
1027 3251 1106 3304 solus

94 3315 147 3365 tibi
170 3320 260 3366 certat
280 3316 428 3381 Amyntas'
452 3314 602 3366 Merkelius
628 3316 657 3366 in
683 3315 838 3381 prolusione
859 3315 894 3365 ad
919 3316 982 3365 Ibin
1006 3333 1032 3381 p.
1051 3321 1106 3372 365

95 3368 270 3434 Cornificium
288 3384 347 3434 aius
365 3383 482 3434 vicinum
501 3382 586 3433 fuisse
604 3385 704 3434 statutt

161 3446 184 3516 ι)
203 3449 245 3501 (li.
265 3449 415 3502 Oledonius
432 3465 458 3515 p.
480 3449 543 3500 1898
563 3454 590 3498 et
608 3449 731 3516 prolegg.
748 3451 781 3500 96
800 3463 853 3513 sq.,
871 3449 920 3498 ubi
938 3447 1018 3501 docui
1037 3451 1107 3506 Gor·
