<?xml version="1.0" encoding="UTF-8"?>
<!DOCTYPE html PUBLIC "-//W3C//DTD XHTML 1.0 Transitional//EN"
    "http://www.w3.org/TR/xhtml1/DTD/xhtml1-transitional.dtd">
<html xmlns="http://www.w3.org/1999/xhtml" xml:lang="en" lang="en">
 <head>
  <title>
</title>
<meta http-equiv="Content-Type" content="text/html;charset=utf-8" />
  <meta name='ocr-system' content='tesseract 3.04.00' />
  <meta name='ocr-capabilities' content='ocr_page ocr_carea ocr_par ocr_line ocrx_word'/>
</head>
<body>
  <div class='ocr_page' id='page_1' title='image "./operainusumscho00virggoog_0116.png"; bbox 0 0 2400 3878; ppageno 0'>
   <div class='ocr_carea' id='block_1_1' title="bbox 141 190 863 250">
    <p class='ocr_par' dir='ltr' id='par_1_1' title="bbox 141 190 863 250">
     <span class='ocr_line' id='line_1_1' title="bbox 141 190 863 250; baseline 0 -3"><span class='ocrx_word' id='word_1_1' title='bbox 141 190 181 250; x_wconf 83' lang='grc'>76</span> <span class='ocrx_word' id='word_1_2' title='bbox 421 201 565 248; x_wconf 75' lang='grc'><strong>1110111</strong></span> <span class='ocrx_word' id='word_1_3' title='bbox 587 199 788 249; x_wconf 82' lang='grc'><strong>0110101001</strong></span> <span class='ocrx_word' id='word_1_4' title='bbox 810 199 863 247; x_wconf 87' lang='lat' dir='ltr'>uu</span> 
     </span>
    </p>
   </div>
   <div class='ocr_carea' id='block_1_2' title="bbox 140 356 1014 601">
    <p class='ocr_par' dir='ltr' id='par_1_2' title="bbox 140 356 1014 601">
     <span class='ocr_line' id='line_1_2' title="bbox 141 356 963 434; baseline -0.002 -20"><span class='ocrx_word' id='word_1_5' title='bbox 141 356 329 415; x_wconf 89' lang='lat' dir='ltr'>circumstant</span> <span class='ocrx_word' id='word_1_6' title='bbox 350 356 467 416; x_wconf 78' lang='lat' dir='ltr'><strong>fremitu</strong></span> <span class='ocrx_word' id='word_1_7' title='bbox 489 357 579 417; x_wconf 91' lang='lat' dir='ltr'>denso</span> <span class='ocrx_word' id='word_1_8' title='bbox 602 359 765 434; x_wconf 80' lang='lat' dir='ltr'>stipantque</span> <span class='ocrx_word' id='word_1_9' title='bbox 788 356 963 431; x_wconf 84' lang='lat' dir='ltr'>trequentes,</span> 
     </span>
     <span class='ocr_line' id='line_1_3' title="bbox 140 436 874 515; baseline -0.003 -17"><span class='ocrx_word' id='word_1_10' title='bbox 140 447 169 498; x_wconf 86' lang='lat' dir='ltr'>et</span> <span class='ocrx_word' id='word_1_11' title='bbox 189 456 276 515; x_wconf 80' lang='lat' dir='ltr'>saepe</span> <span class='ocrx_word' id='word_1_12' title='bbox 298 437 432 497; x_wconf 91' lang='lat' dir='ltr'>attollunt</span> <span class='ocrx_word' id='word_1_13' title='bbox 453 441 577 505; x_wconf 87' lang='lat' dir='ltr'>umeris,</span> <span class='ocrx_word' id='word_1_14' title='bbox 601 449 629 499; x_wconf 93' lang='lat' dir='ltr'>et</span> <span class='ocrx_word' id='word_1_15' title='bbox 651 455 775 514; x_wconf 90' lang='lat' dir='ltr'>corpora</span> <span class='ocrx_word' id='word_1_16' title='bbox 798 436 874 499; x_wconf 93' lang='lat' dir='ltr'>bello</span> 
     </span>
     <span class='ocr_line' id='line_1_4' title="bbox 140 519 1014 601; baseline 0.001 -22"><span class='ocrx_word' id='word_1_17' title='bbox 140 519 286 581; x_wconf 90' lang='lat' dir='ltr'>obiectant</span> <span class='ocrx_word' id='word_1_18' title='bbox 306 520 518 601; x_wconf 81' lang='lat' dir='ltr'>pulchramque</span> <span class='ocrx_word' id='word_1_19' title='bbox 539 531 642 598; x_wconf 89' lang='lat' dir='ltr'>petunt</span> <span class='ocrx_word' id='word_1_20' title='bbox 662 538 716 599; x_wconf 92' lang='lat' dir='ltr'>per</span> <span class='ocrx_word' id='word_1_21' title='bbox 737 521 856 581; x_wconf 88' lang='lat' dir='ltr'>volnera</span> <span class='ocrx_word' id='word_1_22' title='bbox 879 530 1014 580; x_wconf 91' lang='lat' dir='ltr'>mortem.</span> 
     </span>
    </p>
   </div>
   <div class='ocr_carea' id='block_1_3' title="bbox 135 605 1160 3515">
    <p class='ocr_par' dir='ltr' id='par_1_3' title="bbox 139 605 1160 1351">
     <span class='ocr_line' id='line_1_5' title="bbox 181 605 952 684; baseline -0.003 -20"><span class='ocrx_word' id='word_1_23' title='bbox 181 605 232 664; x_wconf 88' lang='lat' dir='ltr'>llis</span> <span class='ocrx_word' id='word_1_24' title='bbox 254 605 370 682; x_wconf 89' lang='lat' dir='ltr'>quidam</span> <span class='ocrx_word' id='word_1_25' title='bbox 393 607 482 682; x_wconf 87' lang='lat' dir='ltr'>signis</span> <span class='ocrx_word' id='word_1_26' title='bbox 504 617 592 684; x_wconf 91' lang='lat' dir='ltr'>atque</span> <span class='ocrx_word' id='word_1_27' title='bbox 614 607 686 666; x_wconf 89' lang='lat' dir='ltr'>haec</span> <span class='ocrx_word' id='word_1_28' title='bbox 708 605 839 680; x_wconf 86' lang='lat' dir='ltr'>exempla</span> <span class='ocrx_word' id='word_1_29' title='bbox 861 606 952 665; x_wconf 89' lang='lat' dir='ltr'>secuti</span> 
     </span>
     <span class='ocr_line' id='line_1_6' title="bbox 140 688 1160 765; baseline 0.003 -17"><span class='ocrx_word' id='word_1_30' title='bbox 140 706 203 748; x_wconf 85' lang='lat' dir='ltr'>esse</span> <span class='ocrx_word' id='word_1_31' title='bbox 225 688 328 765; x_wconf 88' lang='lat' dir='ltr'>apibus</span> <span class='ocrx_word' id='word_1_32' title='bbox 350 700 462 764; x_wconf 87' lang='lat' dir='ltr'>partem</span> <span class='ocrx_word' id='word_1_33' title='bbox 485 691 597 749; x_wconf 90' lang='lat' dir='ltr'>divinae</span> <span class='ocrx_word' id='word_1_34' title='bbox 618 691 722 749; x_wconf 90' lang='lat' dir='ltr'>mentis</span> <span class='ocrx_word' id='word_1_35' title='bbox 745 698 773 748; x_wconf 91' lang='lat' dir='ltr'>et</span> <span class='ocrx_word' id='word_1_36' title='bbox 795 689 915 747; x_wconf 87' lang='lat' dir='ltr'>haustus</span> <span class='ocrx_word' id='word_1_37' title='bbox 1105 701 1160 752; x_wconf 67' lang='grc'>210</span> 
     </span>
     <span class='ocr_line' id='line_1_7' title="bbox 140 772 943 850; baseline 0 -19"><span class='ocrx_word' id='word_1_38' title='bbox 140 772 283 831; x_wconf 89' lang='lat' dir='ltr'>aetherios</span> <span class='ocrx_word' id='word_1_39' title='bbox 305 773 420 840; x_wconf 86' lang='lat' dir='ltr'>dixere;</span> <span class='ocrx_word' id='word_1_40' title='bbox 443 774 530 834; x_wconf 89' lang='lat' dir='ltr'>deum</span> <span class='ocrx_word' id='word_1_41' title='bbox 552 791 678 850; x_wconf 90' lang='lat' dir='ltr'>namque</span> <span class='ocrx_word' id='word_1_42' title='bbox 699 773 742 833; x_wconf 91' lang='lat' dir='ltr'>ire</span> <span class='ocrx_word' id='word_1_43' title='bbox 763 790 816 848; x_wconf 91' lang='lat' dir='ltr'>per</span> <span class='ocrx_word' id='word_1_44' title='bbox 839 773 943 840; x_wconf 89' lang='lat' dir='ltr'>omnia,</span> 
     </span>
     <span class='ocr_line' id='line_1_8' title="bbox 139 855 1001 934; baseline -0.002 -19"><span class='ocrx_word' id='word_1_45' title='bbox 139 864 290 933; x_wconf 89' lang='lat' dir='ltr'>terrasque</span> <span class='ocrx_word' id='word_1_46' title='bbox 312 866 479 934; x_wconf 91' lang='lat' dir='ltr'>tractusque</span> <span class='ocrx_word' id='word_1_47' title='bbox 502 858 591 916; x_wconf 90' lang='lat' dir='ltr'>maris</span> <span class='ocrx_word' id='word_1_48' title='bbox 613 855 784 934; x_wconf 89' lang='lat' dir='ltr'>caelumque</span> <span class='ocrx_word' id='word_1_49' title='bbox 805 855 1001 933; x_wconf 78' lang='lat' dir='ltr'>protundum3</span> 
     </span>
     <span class='ocr_line' id='line_1_9' title="bbox 139 938 1007 1015; baseline -0.002 -17"><span class='ocrx_word' id='word_1_50' title='bbox 139 939 206 998; x_wconf 92' lang='lat' dir='ltr'>binc</span> <span class='ocrx_word' id='word_1_51' title='bbox 228 939 356 1015; x_wconf 89' lang='lat' dir='ltr'>pecudes</span> <span class='ocrx_word' id='word_1_52' title='bbox 378 950 508 1000; x_wconf 89' lang='lat' dir='ltr'>armenta</span> <span class='ocrx_word' id='word_1_53' title='bbox 532 942 624 1008; x_wconf 87' lang='lat' dir='ltr'>viros,</span> <span class='ocrx_word' id='word_1_54' title='bbox 647 957 739 1015; x_wconf 91' lang='lat' dir='ltr'>genus</span> <span class='ocrx_word' id='word_1_55' title='bbox 761 956 847 998; x_wconf 91' lang='lat' dir='ltr'>omne</span> <span class='ocrx_word' id='word_1_56' title='bbox 869 938 1007 1006; x_wconf 83' lang='lat' dir='ltr'>terarum,</span> 
     </span>
     <span class='ocr_line' id='line_1_10' title="bbox 139 1023 948 1100; baseline -0.004 -19"><span class='ocrx_word' id='word_1_57' title='bbox 139 1040 284 1100; x_wconf 89' lang='lat' dir='ltr'>quemque</span> <span class='ocrx_word' id='word_1_58' title='bbox 306 1023 360 1083; x_wconf 91' lang='lat' dir='ltr'>sibi</span> <span class='ocrx_word' id='word_1_59' title='bbox 381 1025 478 1084; x_wconf 86' lang='lat' dir='ltr'>tenuis</span> <span class='ocrx_word' id='word_1_60' title='bbox 499 1033 667 1083; x_wconf 89' lang='lat' dir='ltr'>nascentem</span> <span class='ocrx_word' id='word_1_61' title='bbox 690 1040 839 1082; x_wconf 83' lang='lat' dir='ltr'>arcessere</span> <span class='ocrx_word' id='word_1_62' title='bbox 860 1023 948 1088; x_wconf 87' lang='lat' dir='ltr'>ritas;</span> 
     </span>
     <span class='ocr_line' id='line_1_11' title="bbox 139 1102 890 1167; baseline 0.001 -5"><span class='ocrx_word' id='word_1_63' title='bbox 139 1102 248 1165; x_wconf 88' lang='lat' dir='ltr'>scilicet</span> <span class='ocrx_word' id='word_1_64' title='bbox 270 1106 327 1166; x_wconf 91' lang='lat' dir='ltr'>buc</span> <span class='ocrx_word' id='word_1_65' title='bbox 349 1106 432 1167; x_wconf 90' lang='lat' dir='ltr'>reddi</span> <span class='ocrx_word' id='word_1_66' title='bbox 454 1107 559 1167; x_wconf 87' lang='lat' dir='ltr'>deinde</span> <span class='ocrx_word' id='word_1_67' title='bbox 581 1126 615 1167; x_wconf 90' lang='lat' dir='ltr'>ac</span> <span class='ocrx_word' id='word_1_68' title='bbox 637 1105 764 1167; x_wconf 88' lang='lat' dir='ltr'>resoluta</span> <span class='ocrx_word' id='word_1_69' title='bbox 786 1105 890 1165; x_wconf 85' lang='lat' dir='ltr'>reterri</span> 
     </span>
     <span class='ocr_line' id='line_1_12' title="bbox 139 1187 936 1259; baseline 0 -12"><span class='ocrx_word' id='word_1_70' title='bbox 139 1190 250 1257; x_wconf 87' lang='lat' dir='ltr'>omnia,</span> <span class='ocrx_word' id='word_1_71' title='bbox 274 1207 328 1250; x_wconf 87' lang='lat' dir='ltr'>nec</span> <span class='ocrx_word' id='word_1_72' title='bbox 349 1192 437 1250; x_wconf 91' lang='lat' dir='ltr'>morti</span> <span class='ocrx_word' id='word_1_73' title='bbox 459 1208 522 1251; x_wconf 91' lang='lat' dir='ltr'>esse</span> <span class='ocrx_word' id='word_1_74' title='bbox 544 1189 659 1259; x_wconf 86' lang='lat' dir='ltr'>locum,</span> <span class='ocrx_word' id='word_1_75' title='bbox 682 1190 733 1249; x_wconf 93' lang='lat' dir='ltr'>sed</span> <span class='ocrx_word' id='word_1_76' title='bbox 755 1187 936 1249; x_wconf 86' lang='grc'><strong>1110101010</strong></span> 
     </span>
     <span class='ocr_line' id='line_1_13' title="bbox 139 1269 950 1351; baseline 0.001 -21"><span class='ocrx_word' id='word_1_77' title='bbox 139 1269 243 1332; x_wconf 89' lang='lat' dir='ltr'>sideris</span> <span class='ocrx_word' id='word_1_78' title='bbox 265 1273 470 1334; x_wconf 91' lang='lat' dir='ltr'>innumerum</span> <span class='ocrx_word' id='word_1_79' title='bbox 492 1282 579 1351; x_wconf 92' lang='lat' dir='ltr'>atque</span> <span class='ocrx_word' id='word_1_80' title='bbox 601 1273 658 1333; x_wconf 89' lang='lat' dir='ltr'>alto</span> <span class='ocrx_word' id='word_1_81' title='bbox 680 1273 839 1332; x_wconf 83' lang='lat' dir='ltr'>succedere</span> <span class='ocrx_word' id='word_1_82' title='bbox 861 1271 950 1332; x_wconf 88' lang='lat' dir='ltr'>caelo.</span> 
     </span>
    </p>

    <p class='ocr_par' dir='ltr' id='par_1_4' title="bbox 135 1353 964 3263">
     <span class='ocr_line' id='line_1_14' title="bbox 180 1353 921 1434; baseline 0 -20"><span class='ocrx_word' id='word_1_83' title='bbox 180 1354 328 1433; x_wconf 85' lang='lat' dir='ltr'>Siquando</span> <span class='ocrx_word' id='word_1_84' title='bbox 349 1357 448 1418; x_wconf 88' lang='lat' dir='ltr'>sedern</span> <span class='ocrx_word' id='word_1_85' title='bbox 470 1367 622 1434; x_wconf 80' lang='lat' dir='ltr'>augustam</span> <span class='ocrx_word' id='word_1_86' title='bbox 644 1365 814 1433; x_wconf 88' lang='lat' dir='ltr'>servataque</span> <span class='ocrx_word' id='word_1_87' title='bbox 836 1353 921 1415; x_wconf 92' lang='lat' dir='ltr'>mella</span> 
     </span>
     <span class='ocr_line' id='line_1_15' title="bbox 138 1439 964 1518; baseline 0.001 -20"><span class='ocrx_word' id='word_1_88' title='bbox 138 1439 287 1499; x_wconf 79' lang='lat' dir='ltr'>thensauri</span> <span class='ocrx_word' id='word_1_89' title='bbox 309 1440 429 1510; x_wconf 88' lang='lat' dir='ltr'>retines,</span> <span class='ocrx_word' id='word_1_90' title='bbox 452 1442 533 1518; x_wconf 92' lang='lat' dir='ltr'>prius</span> <span class='ocrx_word' id='word_1_91' title='bbox 555 1441 661 1501; x_wconf 90' lang='lat' dir='ltr'>haustu</span> <span class='ocrx_word' id='word_1_92' title='bbox 683 1457 802 1516; x_wconf 87' lang='lat' dir='ltr'>sparsus</span> <span class='ocrx_word' id='word_1_93' title='bbox 824 1457 964 1517; x_wconf 91' lang='lat' dir='ltr'>aquarum</span> 
     </span>
     <span class='ocr_line' id='line_1_16' title="bbox 138 1522 920 1603; baseline 0 -22"><span class='ocrx_word' id='word_1_94' title='bbox 138 1540 190 1581; x_wconf 86' lang='lat' dir='ltr'>ore</span> <span class='ocrx_word' id='word_1_95' title='bbox 212 1523 290 1590; x_wconf 85' lang='grc'><strong>1010,</strong></span> <span class='ocrx_word' id='word_1_96' title='bbox 314 1525 468 1603; x_wconf 82' lang='lat' dir='ltr'>fumosque</span> <span class='ocrx_word' id='word_1_97' title='bbox 490 1543 578 1584; x_wconf 91' lang='lat' dir='ltr'>manu</span> <span class='ocrx_word' id='word_1_98' title='bbox 600 1522 758 1601; x_wconf 87' lang='lat' dir='ltr'>praetende</span> <span class='ocrx_word' id='word_1_99' title='bbox 779 1522 920 1599; x_wconf 88' lang='lat' dir='ltr'>sequacis.</span> 
     </span>
     <span class='ocr_line' id='line_1_17' title="bbox 139 1607 930 1686; baseline -0.001 -21"><span class='ocrx_word' id='word_1_100' title='bbox 139 1607 211 1666; x_wconf 72' lang='lat' dir='ltr'>&#39;illis</span> <span class='ocrx_word' id='word_1_101' title='bbox 226 1609 270 1667; x_wconf 87' lang='lat' dir='ltr'>ira</span> <span class='ocrx_word' id='word_1_102' title='bbox 284 1608 406 1668; x_wconf 89' lang='lat' dir='ltr'>modum</span> <span class='ocrx_word' id='word_1_103' title='bbox 420 1625 509 1686; x_wconf 90' lang='lat' dir='ltr'>supra</span> <span class='ocrx_word' id='word_1_104' title='bbox 531 1617 587 1677; x_wconf 87' lang='lat' dir='ltr'>est,</span> <span class='ocrx_word' id='word_1_105' title='bbox 612 1607 764 1684; x_wconf 89' lang='lat' dir='ltr'>laesaeque</span> <span class='ocrx_word' id='word_1_106' title='bbox 787 1623 930 1666; x_wconf 91' lang='lat' dir='ltr'>venenum</span> 
     </span>
     <span class='ocr_line' id='line_1_18' title="bbox 139 1687 945 1766; baseline 0.001 -21"><span class='ocrx_word' id='word_1_107' title='bbox 139 1687 284 1748; x_wconf 86' lang='lat' dir='ltr'>morsibus</span> <span class='ocrx_word' id='word_1_108' title='bbox 305 1691 463 1766; x_wconf 90' lang='lat' dir='ltr'>inspirant,</span> <span class='ocrx_word' id='word_1_109' title='bbox 488 1698 516 1750; x_wconf 91' lang='lat' dir='ltr'>et</span> <span class='ocrx_word' id='word_1_110' title='bbox 537 1691 646 1766; x_wconf 91' lang='lat' dir='ltr'>spicula</span> <span class='ocrx_word' id='word_1_111' title='bbox 670 1708 756 1750; x_wconf 88' lang='lat' dir='ltr'>caeca</span> <span class='ocrx_word' id='word_1_112' title='bbox 778 1689 945 1766; x_wconf 87' lang='lat' dir='ltr'>relinquont</span> 
     </span>
     <span class='ocr_line' id='line_1_19' title="bbox 138 1770 910 1849; baseline 0.001 -20"><span class='ocrx_word' id='word_1_113' title='bbox 138 1770 248 1830; x_wconf 84' lang='lat' dir='ltr'>adfixae</span> <span class='ocrx_word' id='word_1_114' title='bbox 269 1773 364 1839; x_wconf 86' lang='lat' dir='ltr'>renis,</span> <span class='ocrx_word' id='word_1_115' title='bbox 387 1775 555 1849; x_wconf 88' lang='lat' dir='ltr'>animasque</span> <span class='ocrx_word' id='word_1_116' title='bbox 577 1775 607 1832; x_wconf 94' lang='lat' dir='ltr'>in</span> <span class='ocrx_word' id='word_1_117' title='bbox 628 1773 748 1832; x_wconf 89' lang='lat' dir='ltr'>volnere</span> <span class='ocrx_word' id='word_1_118' title='bbox 769 1776 910 1849; x_wconf 81' lang='lat' dir='ltr'>ponunt*</span> 
     </span>
     <span class='ocr_line' id='line_1_20' title="bbox 138 1851 954 1932; baseline 0.004 -21"><span class='ocrx_word' id='word_1_119' title='bbox 138 1851 181 1911; x_wconf 92' lang='lat' dir='ltr'>bis</span> <span class='ocrx_word' id='word_1_120' title='bbox 204 1853 338 1929; x_wconf 87' lang='lat' dir='ltr'>gravidos</span> <span class='ocrx_word' id='word_1_121' title='bbox 360 1864 468 1932; x_wconf 89' lang='lat' dir='ltr'>cogunt</span> <span class='ocrx_word' id='word_1_122' title='bbox 489 1855 580 1925; x_wconf 89' lang='lat' dir='ltr'>letus,</span> <span class='ocrx_word' id='word_1_123' title='bbox 604 1855 662 1916; x_wconf 94' lang='lat' dir='ltr'>duo</span> <span class='ocrx_word' id='word_1_124' title='bbox 684 1864 817 1932; x_wconf 92' lang='lat' dir='ltr'>tempora</span> <span class='ocrx_word' id='word_1_125' title='bbox 838 1856 954 1915; x_wconf 86' lang='lat' dir='ltr'>messis:</span> 
     </span>
     <span class='ocr_line' id='line_1_21' title="bbox 138 1934 857 2014; baseline 0.007 -20"><span class='ocrx_word' id='word_1_126' title='bbox 138 1934 265 2014; x_wconf 81' lang='lat' dir='ltr'>Taygete</span> <span class='ocrx_word' id='word_1_127' title='bbox 286 1937 372 1998; x_wconf 91' lang='lat' dir='ltr'>simul</span> <span class='ocrx_word' id='word_1_128' title='bbox 393 1957 426 1997; x_wconf 90' lang='lat' dir='ltr'>os</span> <span class='ocrx_word' id='word_1_129' title='bbox 449 1940 534 1999; x_wconf 90' lang='lat' dir='ltr'>terris</span> <span class='ocrx_word' id='word_1_130' title='bbox 556 1938 681 1999; x_wconf 88' lang='lat' dir='ltr'>ostendit</span> <span class='ocrx_word' id='word_1_131' title='bbox 702 1940 857 2000; x_wconf 89' lang='lat' dir='ltr'>honestum</span> 
     </span>
     <span class='ocr_line' id='line_1_22' title="bbox 137 2017 907 2099; baseline 0.004 -22"><span class='ocrx_word' id='word_1_132' title='bbox 137 2017 220 2079; x_wconf 90' lang='lat' dir='ltr'>Pleas</span> <span class='ocrx_word' id='word_1_133' title='bbox 242 2027 271 2080; x_wconf 91' lang='lat' dir='ltr'>et</span> <span class='ocrx_word' id='word_1_134' title='bbox 292 2019 402 2081; x_wconf 86' lang='lat' dir='ltr'>Oceani</span> <span class='ocrx_word' id='word_1_135' title='bbox 424 2030 538 2099; x_wconf 90' lang='lat' dir='ltr'>spretos</span> <span class='ocrx_word' id='word_1_136' title='bbox 560 2022 635 2098; x_wconf 91' lang='lat' dir='ltr'>pede</span> <span class='ocrx_word' id='word_1_137' title='bbox 658 2022 784 2099; x_wconf 90' lang='lat' dir='ltr'>reppulit</span> <span class='ocrx_word' id='word_1_138' title='bbox 806 2023 907 2090; x_wconf 90' lang='lat' dir='ltr'>amnis,</span> 
     </span>
     <span class='ocr_line' id='line_1_23' title="bbox 137 2102 850 2184; baseline 0.006 -24"><span class='ocrx_word' id='word_1_139' title='bbox 137 2109 187 2161; x_wconf 92' lang='lat' dir='ltr'>aut</span> <span class='ocrx_word' id='word_1_140' title='bbox 207 2102 308 2163; x_wconf 89' lang='lat' dir='ltr'>eadem</span> <span class='ocrx_word' id='word_1_141' title='bbox 332 2106 411 2165; x_wconf 89' lang='lat' dir='ltr'>sidus</span> <span class='ocrx_word' id='word_1_142' title='bbox 434 2107 547 2183; x_wconf 85' lang='lat' dir='ltr'>lugiens</span> <span class='ocrx_word' id='word_1_143' title='bbox 568 2105 618 2166; x_wconf 92' lang='lat' dir='ltr'>ubi</span> <span class='ocrx_word' id='word_1_144' title='bbox 640 2107 726 2182; x_wconf 90' lang='lat' dir='ltr'>piscis</span> <span class='ocrx_word' id='word_1_145' title='bbox 749 2107 850 2184; x_wconf 86' lang='lat' dir='ltr'>aquosi</span> 
     </span>
     <span class='ocr_line' id='line_1_24' title="bbox 136 2186 855 2250; baseline 0.001 -4"><span class='ocrx_word' id='word_1_146' title='bbox 136 2186 246 2246; x_wconf 81' lang='lat' dir='ltr'>tristior</span> <span class='ocrx_word' id='word_1_147' title='bbox 268 2186 405 2247; x_wconf 88' lang='lat' dir='ltr'>hibernas</span> <span class='ocrx_word' id='word_1_148' title='bbox 428 2190 507 2249; x_wconf 89' lang='lat' dir='ltr'>caelo</span> <span class='ocrx_word' id='word_1_149' title='bbox 531 2190 681 2250; x_wconf 88' lang='lat' dir='ltr'>descendit</span> <span class='ocrx_word' id='word_1_150' title='bbox 701 2190 730 2248; x_wconf 89' lang='lat' dir='ltr'>in</span> <span class='ocrx_word' id='word_1_151' title='bbox 754 2190 855 2248; x_wconf 90' lang='lat' dir='ltr'>undas.</span> 
     </span>
     <span class='ocr_line' id='line_1_25' title="bbox 135 2270 949 2344; baseline 0.01 -20"><span class='ocrx_word' id='word_1_152' title='bbox 135 2270 211 2342; x_wconf 77' lang='lat' dir='ltr'>*quo</span> <span class='ocrx_word' id='word_1_153' title='bbox 226 2270 317 2344; x_wconf 87' lang='lat' dir='ltr'>magis</span> <span class='ocrx_word' id='word_1_154' title='bbox 333 2270 493 2332; x_wconf 82' lang='lat' dir='ltr'>exhaustae</span> <span class='ocrx_word' id='word_1_155' title='bbox 509 2272 629 2342; x_wconf 90' lang='lat' dir='ltr'>luerint,</span> <span class='ocrx_word' id='word_1_156' title='bbox 652 2273 709 2332; x_wconf 91' lang='lat' dir='ltr'>hoc</span> <span class='ocrx_word' id='word_1_157' title='bbox 731 2275 826 2332; x_wconf 87' lang='lat' dir='ltr'>acrius</span> <span class='ocrx_word' id='word_1_158' title='bbox 848 2289 949 2332; x_wconf 84' lang='lat' dir='ltr'>omnes</span> 
     </span>
     <span class='ocr_line' id='line_1_26' title="bbox 138 2352 800 2432; baseline 0.012 -23"><span class='ocrx_word' id='word_1_159' title='bbox 138 2352 307 2412; x_wconf 88' lang='lat' dir='ltr'>incumbent</span> <span class='ocrx_word' id='word_1_160' title='bbox 328 2356 443 2429; x_wconf 88' lang='lat' dir='ltr'>generis</span> <span class='ocrx_word' id='word_1_161' title='bbox 464 2355 537 2432; x_wconf 88' lang='lat' dir='ltr'>lapsi</span> <span class='ocrx_word' id='word_1_162' title='bbox 559 2358 669 2416; x_wconf 86' lang='lat' dir='ltr'>sarcire</span> <span class='ocrx_word' id='word_1_163' title='bbox 691 2358 800 2427; x_wconf 79' lang='lat' dir='ltr'>ruinas,</span> 
     </span>
     <span class='ocr_line' id='line_1_27' title="bbox 137 2433 950 2514; baseline 0.006 -21"><span class='ocrx_word' id='word_1_164' title='bbox 137 2433 381 2514; x_wconf 85' lang='lat' dir='ltr'>complebuntque</span> <span class='ocrx_word' id='word_1_165' title='bbox 402 2439 482 2498; x_wconf 85' lang='lat' dir='ltr'>toros</span> <span class='ocrx_word' id='word_1_166' title='bbox 505 2449 533 2498; x_wconf 88' lang='lat' dir='ltr'>et</span> <span class='ocrx_word' id='word_1_167' title='bbox 554 2439 676 2501; x_wconf 79' lang='lat' dir='ltr'>[loribus</span> <span class='ocrx_word' id='word_1_168' title='bbox 698 2440 804 2500; x_wconf 87' lang='lat' dir='ltr'>horrea</span> <span class='ocrx_word' id='word_1_169' title='bbox 826 2438 950 2499; x_wconf 79' lang='lat' dir='ltr'>tenent*</span> 
     </span>
     <span class='ocr_line' id='line_1_28' title="bbox 137 2519 953 2601; baseline 0.007 -25"><span class='ocrx_word' id='word_1_170' title='bbox 137 2519 181 2578; x_wconf 85' lang='lat' dir='ltr'>sin</span> <span class='ocrx_word' id='word_1_171' title='bbox 204 2519 307 2580; x_wconf 90' lang='lat' dir='ltr'>duram</span> <span class='ocrx_word' id='word_1_172' title='bbox 331 2528 443 2583; x_wconf 89' lang='lat' dir='ltr'>metues</span> <span class='ocrx_word' id='word_1_173' title='bbox 465 2522 590 2583; x_wconf 86' lang='lat' dir='ltr'>hiemem</span> <span class='ocrx_word' id='word_1_174' title='bbox 614 2541 776 2601; x_wconf 89' lang='lat' dir='ltr'>parcesque</span> <span class='ocrx_word' id='word_1_175' title='bbox 797 2524 895 2582; x_wconf 84' lang='lat' dir='ltr'>tuturo</span> <span class='ocrx_word' id='word_1_176' title='bbox 941 2585 953 2599; x_wconf 23' lang='lat' dir='ltr'>g</span> 
     </span>
     <span class='ocr_line' id='line_1_29' title="bbox 136 2605 927 2682; baseline 0.006 -22"><span class='ocrx_word' id='word_1_177' title='bbox 136 2610 331 2682; x_wconf 83' lang='lat' dir='ltr'>contususque</span> <span class='ocrx_word' id='word_1_178' title='bbox 353 2606 465 2665; x_wconf 91' lang='lat' dir='ltr'>animos</span> <span class='ocrx_word' id='word_1_179' title='bbox 487 2615 516 2666; x_wconf 91' lang='lat' dir='ltr'>et</span> <span class='ocrx_word' id='word_1_180' title='bbox 537 2625 585 2667; x_wconf 88' lang='lat' dir='ltr'>res</span> <span class='ocrx_word' id='word_1_181' title='bbox 607 2605 785 2667; x_wconf 87' lang='lat' dir='ltr'>miserabere</span> <span class='ocrx_word' id='word_1_182' title='bbox 806 2607 927 2666; x_wconf 82' lang='lat' dir='ltr'>tractas:</span> 
     </span>
     <span class='ocr_line' id='line_1_30' title="bbox 136 2687 836 2766; baseline 0.009 -24"><span class='ocrx_word' id='word_1_183' title='bbox 136 2692 165 2743; x_wconf 89' lang='lat' dir='ltr'>at</span> <span class='ocrx_word' id='word_1_184' title='bbox 186 2687 286 2747; x_wconf 85' lang='lat' dir='ltr'>suffire</span> <span class='ocrx_word' id='word_1_185' title='bbox 309 2689 407 2765; x_wconf 79' lang='lat' dir='ltr'>thymo</span> <span class='ocrx_word' id='word_1_186' title='bbox 430 2707 570 2766; x_wconf 87' lang='lat' dir='ltr'>cerasque</span> <span class='ocrx_word' id='word_1_187' title='bbox 591 2690 723 2750; x_wconf 88' lang='lat' dir='ltr'>recidere</span> <span class='ocrx_word' id='word_1_188' title='bbox 744 2691 836 2749; x_wconf 89' lang='lat' dir='ltr'>inanis</span> 
     </span>
     <span class='ocr_line' id='line_1_31' title="bbox 136 2767 908 2848; baseline 0.006 -22"><span class='ocrx_word' id='word_1_189' title='bbox 136 2767 200 2843; x_wconf 89' lang='lat' dir='ltr'>quis</span> <span class='ocrx_word' id='word_1_190' title='bbox 223 2769 352 2829; x_wconf 82' lang='lat' dir='ltr'>dubitat?</span> <span class='ocrx_word' id='word_1_191' title='bbox 374 2790 442 2831; x_wconf 93' lang='lat' dir='ltr'>nam</span> <span class='ocrx_word' id='word_1_192' title='bbox 463 2789 551 2848; x_wconf 89' lang='lat' dir='ltr'>saepe</span> <span class='ocrx_word' id='word_1_193' title='bbox 573 2772 652 2831; x_wconf 85' lang='grc'><strong>10100</strong></span> <span class='ocrx_word' id='word_1_194' title='bbox 674 2773 789 2848; x_wconf 90' lang='lat' dir='ltr'>ignotus</span> <span class='ocrx_word' id='word_1_195' title='bbox 811 2773 908 2833; x_wconf 87' lang='lat' dir='ltr'>adedit</span> 
     </span>
     <span class='ocr_line' id='line_1_32' title="bbox 135 2849 844 2930; baseline 0.01 -23"><span class='ocrx_word' id='word_1_196' title='bbox 135 2849 218 2908; x_wconf 86' lang='lat' dir='ltr'>stelio</span> <span class='ocrx_word' id='word_1_197' title='bbox 241 2857 269 2910; x_wconf 92' lang='lat' dir='ltr'>et</span> <span class='ocrx_word' id='word_1_198' title='bbox 290 2851 424 2929; x_wconf 79' lang='lat' dir='ltr'>lucifugis</span> <span class='ocrx_word' id='word_1_199' title='bbox 447 2861 583 2930; x_wconf 87' lang='lat' dir='ltr'>congesta</span> <span class='ocrx_word' id='word_1_200' title='bbox 606 2852 710 2913; x_wconf 89' lang='lat' dir='ltr'>cubilia</span> <span class='ocrx_word' id='word_1_201' title='bbox 732 2854 844 2922; x_wconf 86' lang='lat' dir='ltr'>blattis;</span> 
     </span>
     <span class='ocr_line' id='line_1_33' title="bbox 135 2933 863 3012; baseline 0.01 -22"><span class='ocrx_word' id='word_1_202' title='bbox 135 2933 330 3010; x_wconf 88' lang='lat' dir='ltr'>immunisque</span> <span class='ocrx_word' id='word_1_203' title='bbox 351 2936 455 2995; x_wconf 89' lang='lat' dir='ltr'>sedens</span> <span class='ocrx_word' id='word_1_204' title='bbox 477 2934 570 2995; x_wconf 86' lang='lat' dir='ltr'>aliena</span> <span class='ocrx_word' id='word_1_205' title='bbox 592 2936 628 2996; x_wconf 92' lang='lat' dir='ltr'>ad</span> <span class='ocrx_word' id='word_1_206' title='bbox 650 2935 756 3012; x_wconf 91' lang='lat' dir='ltr'>pabula</span> <span class='ocrx_word' id='word_1_207' title='bbox 778 2937 863 2999; x_wconf 87' lang='lat' dir='ltr'>lucus</span> 
     </span>
     <span class='ocr_line' id='line_1_34' title="bbox 136 3018 941 3096; baseline 0.009 -22"><span class='ocrx_word' id='word_1_208' title='bbox 136 3022 186 3074; x_wconf 91' lang='lat' dir='ltr'>aut</span> <span class='ocrx_word' id='word_1_209' title='bbox 207 3033 292 3092; x_wconf 89' lang='lat' dir='ltr'>asper</span> <span class='ocrx_word' id='word_1_210' title='bbox 316 3018 421 3077; x_wconf 89' lang='lat' dir='ltr'>crabro</span> <span class='ocrx_word' id='word_1_211' title='bbox 444 3018 593 3096; x_wconf 91' lang='lat' dir='ltr'>inparibus</span> <span class='ocrx_word' id='word_1_212' title='bbox 615 3038 646 3078; x_wconf 92' lang='grc'>00</span> <span class='ocrx_word' id='word_1_213' title='bbox 669 3021 824 3081; x_wconf 88' lang='lat' dir='ltr'>immiscuit</span> <span class='ocrx_word' id='word_1_214' title='bbox 845 3023 941 3092; x_wconf 90' lang='lat' dir='ltr'>armis,</span> 
     </span>
     <span class='ocr_line' id='line_1_35' title="bbox 136 3100 892 3178; baseline 0.012 -22"><span class='ocrx_word' id='word_1_215' title='bbox 136 3105 185 3156; x_wconf 88' lang='lat' dir='ltr'>aut</span> <span class='ocrx_word' id='word_1_216' title='bbox 207 3100 303 3160; x_wconf 89' lang='lat' dir='ltr'>dirum</span> <span class='ocrx_word' id='word_1_217' title='bbox 324 3101 411 3161; x_wconf 88' lang='lat' dir='ltr'>tiniae</span> <span class='ocrx_word' id='word_1_218' title='bbox 434 3119 539 3178; x_wconf 86' lang='lat' dir='ltr'>genus,</span> <span class='ocrx_word' id='word_1_219' title='bbox 564 3109 613 3162; x_wconf 90' lang='lat' dir='ltr'>aut</span> <span class='ocrx_word' id='word_1_220' title='bbox 634 3104 724 3164; x_wconf 89' lang='lat' dir='ltr'>invisa</span> <span class='ocrx_word' id='word_1_221' title='bbox 746 3105 892 3165; x_wconf 84' lang='lat' dir='ltr'>Minervae</span> 
     </span>
     <span class='ocr_line' id='line_1_36' title="bbox 135 3180 820 3263; baseline 0.013 -24"><span class='ocrx_word' id='word_1_222' title='bbox 135 3180 215 3241; x_wconf 83' lang='lat' dir='ltr'>laxos</span> <span class='ocrx_word' id='word_1_223' title='bbox 237 3184 266 3241; x_wconf 92' lang='lat' dir='ltr'>in</span> <span class='ocrx_word' id='word_1_224' title='bbox 288 3183 400 3244; x_wconf 82' lang='lat' dir='ltr'>loribus</span> <span class='ocrx_word' id='word_1_225' title='bbox 422 3186 573 3263; x_wconf 88' lang='lat' dir='ltr'>suspendit</span> <span class='ocrx_word' id='word_1_226' title='bbox 593 3205 699 3247; x_wconf 90' lang='lat' dir='ltr'>aranea</span> <span class='ocrx_word' id='word_1_227' title='bbox 723 3189 820 3248; x_wconf 87' lang='grc'><strong>000010.</strong></span> 
     </span>
    </p>

    <p class='ocr_par' dir='ltr' id='par_1_5' title="bbox 135 3264 982 3515">
     <span class='ocr_line' id='line_1_37' title="bbox 176 3264 982 3350; baseline 0.01 -27"><span class='ocrx_word' id='word_1_228' title='bbox 176 3264 207 3324; x_wconf 90' lang='lat' dir='ltr'>Si</span> <span class='ocrx_word' id='word_1_229' title='bbox 229 3285 313 3335; x_wconf 91' lang='lat' dir='ltr'>vero,</span> <span class='ocrx_word' id='word_1_230' title='bbox 336 3271 475 3346; x_wconf 92' lang='lat' dir='ltr'>qnoniam</span> <span class='ocrx_word' id='word_1_231' title='bbox 497 3287 581 3330; x_wconf 88' lang='lat' dir='ltr'>casus</span> <span class='ocrx_word' id='word_1_232' title='bbox 603 3271 705 3346; x_wconf 91' lang='lat' dir='ltr'>apibus</span> <span class='ocrx_word' id='word_1_233' title='bbox 728 3289 844 3350; x_wconf 91' lang='lat' dir='ltr'>quoque</span> <span class='ocrx_word' id='word_1_234' title='bbox 866 3280 982 3332; x_wconf 87' lang='lat' dir='ltr'>nostros</span> 
     </span>
     <span class='ocr_line' id='line_1_38' title="bbox 135 3348 921 3430; baseline 0.011 -24"><span class='ocrx_word' id='word_1_235' title='bbox 135 3350 189 3408; x_wconf 87' lang='lat' dir='ltr'>vita</span> <span class='ocrx_word' id='word_1_236' title='bbox 211 3348 289 3419; x_wconf 91' lang='lat' dir='ltr'>tulit,</span> <span class='ocrx_word' id='word_1_237' title='bbox 312 3352 388 3412; x_wconf 90' lang='lat' dir='ltr'>tristi</span> <span class='ocrx_word' id='word_1_238' title='bbox 410 3351 589 3429; x_wconf 89' lang='lat' dir='ltr'>languebunt</span> <span class='ocrx_word' id='word_1_239' title='bbox 611 3373 735 3430; x_wconf 90' lang='lat' dir='ltr'>corpora</span> <span class='ocrx_word' id='word_1_240' title='bbox 757 3356 861 3415; x_wconf 90' lang='lat' dir='ltr'>morbo</span> <span class='ocrx_word' id='word_1_241' title='bbox 887 3388 921 3399; x_wconf 99' lang='lat'><em>-</em></span> 
     </span>
     <span class='ocr_line' id='line_1_39' title="bbox 135 3432 945 3515; baseline 0.005 -23"><span class='ocrx_word' id='word_1_242' title='bbox 135 3432 291 3511; x_wconf 92' lang='lat' dir='ltr'>quodiam</span> <span class='ocrx_word' id='word_1_243' title='bbox 313 3453 373 3495; x_wconf 90' lang='lat' dir='ltr'>non</span> <span class='ocrx_word' id='word_1_244' title='bbox 395 3435 489 3497; x_wconf 91' lang='lat' dir='ltr'>dubiis</span> <span class='ocrx_word' id='word_1_245' title='bbox 511 3437 621 3514; x_wconf 85' lang='lat' dir='ltr'>poteris</span> <span class='ocrx_word' id='word_1_246' title='bbox 643 3455 820 3515; x_wconf 90' lang='lat' dir='ltr'>cognoscere</span> <span class='ocrx_word' id='word_1_247' title='bbox 842 3438 945 3511; x_wconf 77' lang='lat' dir='ltr'>signis:</span> 
     </span>
    </p>
   </div>
   <div class='ocr_carea' id='block_1_4' title="bbox 0 0 1204 3878">
    <p class='ocr_par' dir='ltr' id='par_1_6' title="bbox 0 0 1204 3878">
     <span class='ocr_line' id='line_1_40' title="bbox 0 0 1204 3878; baseline 0 1"><span class='ocrx_word' id='word_1_248' title='bbox 0 0 1204 3878; x_wconf 95' lang='lat' dir='ltr'> </span> 
     </span>
    </p>
   </div>
  </div>
 </body>
</html>
