2400 3878
135 182 196 247 296
472 195 613 243 rmsorur
639 194 764 244 ssnms
779 197 803 243 x

134 351 306 433 provolvens
328 368 416 430 super
438 350 512 412 haec
532 350 649 412 inimico
670 357 790 430 pectore
813 350 904 412 latur:

137 439 198 498 ‘isti
220 454 309 506 nunc,
330 434 497 505 metuende,
515 436 587 496 lace.
619 452 678 495 non
700 442 730 496 te
752 436 860 512 optima
883 442 976 495 mater

134 521 240 582 condet
262 520 344 581 humi
364 520 519 598 patrioque
539 517 672 580 onerabit
692 517 825 580 membra
844 517 1019 597 sepulchro:

135 603 251 666 alitibus
272 602 406 682 linquere
424 602 495 663 leris
516 609 565 664 aut
586 604 701 680 gurgite
722 619 851 664 mersum

135 688 211 750 unda
234 686 309 749 ieret
328 688 483 767 piscesque
505 687 610 764 inpasti
631 685 750 747 schiera
770 684 918 747 lambent.¹

135 774 269 852 protinus
290 772 432 832 Antaeum
455 777 484 831 et
502 770 620 839 Lucam,
639 771 735 849 prima
757 771 872 848 agmina
893 768 994 840 Turni,

135 856 320 937 persequitur
341 854 507 932 fortemque
528 852 653 914 Numam
674 852 842 932 fulvomque
863 853 1037 924 Camertem,

134 939 319 1017 magnanimo
340 936 479 998 Volcente
496 943 600 1006 satum,
624 938 781 998 ditissimus
802 939 866 1016 agri

135 1025 184 1103 qul
206 1021 260 1082 fult
281 1021 460 1082 Ausonidum
481 1029 509 1082 et
529 1021 622 1082 tacitis
643 1022 776 1098 regnavit
797 1020 933 1101 Amyclis.

134 1110 269 1184 Aegaeon
290 1102 392 1185 qualis,
416 1111 533 1165 centum
554 1106 622 1184 quoi
644 1104 782 1166 bracchia
803 1106 903 1166 dcunt

135 1196 329 1268 centenasque
351 1205 464 1258 manus,
488 1188 698 1268 qulnquaginta
716 1188 818 1250 oribus
839 1190 936 1267 ignem

134 1272 362 1354 pectoribusque
383 1272 500 1342 arsisse,
523 1271 597 1333 lovis
619 1289 685 1332 cum
704 1272 826 1333 fulmina
846 1282 947 1333 contra

135 1366 177 1419 tot
196 1356 316 1436 paribus
337 1362 483 1435 streperet
502 1355 621 1433 clupeis,
644 1362 687 1416 tot
708 1357 865 1435 stringeret
886 1373 988 1418 enses:

134 1444 175 1504 sic
197 1448 258 1502 toto
281 1442 393 1501 Aeneas
413 1439 542 1501 desaevit
561 1441 592 1501 in
614 1457 742 1519 aequore
763 1442 864 1509 victor,

135 1535 167 1588 ut
187 1523 278 1587 semel
296 1523 419 1602 intepuit
440 1542 553 1585 mucro.
585 1525 656 1604 quin
674 1542 744 1586 ecce
765 1523 888 1602 Niphaei

135 1611 314 1689 quadriiugis
334 1610 364 1668 in
384 1626 474 1688 equos
496 1609 676 1689 adversaque
693 1615 815 1688 pectora
834 1608 936 1669 tendit.

134 1703 220 1772 atque
238 1691 278 1753 illi
297 1692 385 1770 longe
407 1693 589 1769 gradientem
610 1701 639 1753 et
661 1692 723 1752 dira
746 1691 920 1753 frementem

134 1786 165 1838 ut
187 1778 294 1845 ridere,
317 1783 397 1836 metu
418 1777 494 1836 versi
515 1785 655 1854 retroque
675 1785 795 1837 ruentes

136 1860 346 1937 effunduntque
368 1858 472 1919 ducem
494 1861 670 1939 rapiuntque
691 1860 728 1919 ad
750 1858 836 1920 litora
861 1877 975 1921 currus.

133 1946 243 2004 interea
265 1941 371 2018 biiugis
392 1942 482 2002 infert
503 1961 535 2002 se
553 1942 687 2020 Lucagus
707 1941 781 2002 albis

134 2029 163 2088 in
184 2026 296 2088 medios
319 2023 467 2104 fraterque
486 2025 587 2102 Liger;
609 2025 661 2086 sed
682 2026 774 2087 frater
795 2025 916 2087 habenis

134 2110 223 2171 flectit
243 2126 343 2189 equos,
366 2110 499 2170 strictum
520 2115 598 2169 rotat
618 2128 686 2171 acer
709 2109 844 2188 Lucagus
867 2129 977 2173 ensem.

134 2194 204 2255 haut
224 2191 288 2254 tullt
308 2193 421 2253 deneas
442 2199 523 2253 tanto
547 2192 663 2254 fervore
682 2193 822 2255 furentis:

133 2278 221 2339 inruit
243 2277 422 2356 adversaque
443 2277 547 2354 ingens
565 2278 701 2357 apparuit
722 2277 813 2338 hesta.

134 2363 181 2423 cui
200 2361 287 2440 Liger
621 2378 630 2385 ·

134 2456 208 2507 ‘non
230 2444 375 2506 Diomedis
398 2463 489 2525 equos
510 2463 565 2508 nec
590 2463 711 2516 currum
733 2446 830 2507 cernis
852 2444 996 2507 lendin·

134 2539 183 2591 aut
203 2529 347 2609 Phrygiae
368 2546 501 2609 campos:
524 2548 603 2593 nunc
623 2529 694 2592 belli
711 2531 777 2592 linis
799 2537 828 2592 et
849 2531 910 2590 aevi

134 2614 178 2675 bis
197 2613 313 2675 dabitur
334 2614 441 2674 terris!
477 2633 602 2678 vaesano
623 2615 690 2676 talia
713 2614 772 2676 late

134 2699 209 2759 dicta
231 2696 329 2758 volant
348 2696 454 2774 Ligeri.
486 2699 610 2762 sednon
633 2707 662 2761 et
682 2699 789 2760 Troius
811 2699 900 2760 heros

134 2783 207 2842 dicta
228 2788 313 2861 parat
335 2788 452 2842 contra:
475 2782 602 2845 iaculum
623 2801 692 2844 nam
713 2789 833 2863 torquet
853 2783 883 2842 in
905 2781 1027 2841 hostem.

132 2864 268 2941 Lucagus
287 2872 320 2925 ut
338 2881 450 2942 pronus
471 2866 602 2943 pendens
624 2868 654 2926 in
677 2866 801 2927 verbera
821 2864 879 2926 telo

134 2947 281 3007 admonuit
298 2946 422 3024 biiugos,
440 2949 572 3024 proiecto
595 2948 665 3009 dum
687 2949 763 3028 pede
785 2947 865 3009 laevo

133 3037 213 3106 aptet
234 3048 266 3090 se
286 3045 411 3108 pugnae,
431 3028 509 3089 subit
531 3049 598 3092 oras
619 3032 702 3092 hasta
723 3049 777 3111 per
798 3032 872 3091 imas

134 3113 269 3191 fulgentis
289 3111 383 3191 clipei,
407 3120 468 3174 tum
490 3111 603 3175 laevom
625 3115 757 3193 perforat
778 3116 906 3191 inguen·

133 3215 272 3258 excussus
292 3213 382 3259 curru
402 3196 595 3261 moribundus
614 3200 736 3261 volvitur
756 3200 841 3259 arvis.

133 3298 220 3359 quem
241 3281 306 3360 pius
326 3280 439 3344 Aeneas
461 3281 545 3344 dictis
565 3284 679 3345 adlatur
698 3284 820 3343 amaris:

134 3364 273 3443 ‘Lucage
295 3363 375 3426 nulla
395 3375 463 3428 tuos
484 3385 588 3429 currus
610 3368 678 3444 luga
700 3369 797 3445 segnis
819 3385 962 3448 equorum

132 3450 258 3530 prodidit
280 3455 329 3511 aut
351 3467 441 3511 sanae
463 3458 577 3513 vertere
600 3471 635 3513 ex
657 3451 791 3513 hostibus
811 3452 948 3514 umbrae·
