2454 3936
108 190 150 256 92
445 204 588 253 vnnornr
612 205 738 255 anvnrs
761 207 774 254 1

108 363 262 434 postquam
285 366 420 435 exempta
443 359 534 419 tames
556 357 649 435 epulis
670 375 848 437 mensaeque
868 367 1014 425 remotae.

108 440 230 499 mrissos
252 439 340 518 longo
361 443 457 502 socios
478 458 614 501 sermone
637 442 792 518 requirunt

107 539 250 601 spemque
271 531 442 602 metumque
463 525 539 584 inter
559 522 654 591 dubii,
677 541 729 584 seu
746 525 842 584 vivere
860 526 980 585 credant

107 605 169 666 sive
191 614 321 666 extrema
339 609 400 684 pati
421 624 476 666 neo
499 609 556 666 iam
574 605 713 666 exaudire
736 613 864 667 vocatos.

108 690 266 767 praecipue
289 691 353 767 pius
373 692 486 751 Aeneas
507 706 586 748 nunc
607 690 683 748 aeris
704 689 822 759 Oronti,

108 789 187 833 nunc
208 773 307 849 Amyci
326 790 426 833 casum
446 772 536 848 gemit
557 778 586 831 et
607 770 735 833 crudelia
756 791 856 832 secum

108 853 166 915 iata
189 856 258 934 Lyci
275 856 439 933 fortemque
461 855 542 933 Gyan
566 854 730 934 fortemque
755 855 937 918 Cloanthum.

149 937 265 997 Etiam
286 939 352 998 linis
373 946 455 1007 erat,
479 955 546 998 cum
568 938 698 1016 luppiter
718 938 836 1000 aethere
858 959 972 1001 summo

107 1020 264 1098 dispiciens
283 1038 365 1082 mare
386 1020 539 1081 velivolum
563 1028 715 1100 terrasque
736 1023 856 1082 iacentis

106 1104 252 1182 litoraque
276 1111 305 1165 et
323 1104 398 1164 latos
419 1103 558 1182 populos,
582 1105 624 1164 sio
644 1106 751 1165 vertice
773 1105 845 1165 oaeli

108 1187 235 1246 constitit
257 1196 286 1247 et
306 1187 413 1266 Libyae
433 1188 532 1247 delinit
552 1187 662 1247 lumina
682 1188 790 1263 regnis.

108 1277 196 1347 atque
215 1269 297 1330 illum
318 1270 382 1329 talis
404 1272 559 1330 iactantem
578 1279 698 1346 pectore
719 1288 805 1331 curas

107 1353 219 1413 tristior
239 1362 268 1414 et
283 1353 410 1413 lacrimis
431 1353 533 1414 oeulos
552 1355 661 1413 suffusa
681 1355 800 1414 nitentis

108 1436 275 1514 adloquitur
296 1436 407 1497 Venus:
428 1448 460 1497 ‘o
483 1438 533 1516 qui
553 1456 602 1497 res
621 1437 831 1514 hominumque
849 1437 995 1517 deumque

108 1521 235 1579 aeternis
257 1521 335 1597 regis
357 1521 488 1599 imperiis
510 1527 538 1582 et
559 1520 680 1581 fulmine
701 1528 809 1590 terres,

109 1602 179 1679 quid
199 1620 283 1662 meus
306 1604 420 1665 deneas
441 1607 472 1665 in
492 1613 521 1665 te
543 1606 724 1665 committere
743 1611 870 1673 tantum,

107 1684 179 1759 quid
197 1685 290 1746 Troes
312 1696 451 1762 potuere,
472 1688 577 1765 quibus
599 1696 641 1747 tot
664 1688 766 1746 lunera
784 1689 876 1764 passis

109 1775 231 1828 cunctus
252 1768 289 1828 ob
313 1767 424 1828 ltaliam
443 1781 590 1830 terrarum
610 1769 753 1829 clauditur
776 1769 877 1829 orbis?

110 1858 190 1910 certe
212 1851 280 1911 hino
302 1853 449 1911 Romanos
467 1852 536 1911 olim
554 1850 735 1911 volventibus
757 1854 854 1921 annis,

105 1932 178 1993 hinc
200 1933 264 1994 iore
286 1935 423 1994 ductores
443 1943 579 1994 revocato
601 1954 617 1995 a
640 1935 781 2010 sanguine
803 1934 923 2003 Teucri,

110 2018 160 2093 qui
180 2035 280 2086 mare,
301 2019 351 2097 qui
371 2027 466 2078 terras
489 2019 568 2078 omni
590 2019 705 2078 dicione
726 2026 875 2088 tenerent,

109 2098 278 2176 pollicilu's:
301 2119 376 2180 qnae
398 2110 443 2169 te,
467 2102 595 2178 genitor,
617 2102 761 2162 sententia
784 2103 886 2162 vertit?

109 2181 166 2242 hoo
187 2184 321 2262 equidem
342 2202 480 2244 oceasum
501 2184 607 2244 Troiae
628 2185 776 2262 tristisque
797 2188 897 2246 ruinas

108 2265 226 2326 solabar
246 2267 311 2328 satis
334 2268 479 2327 contraria
500 2267 557 2327 sata
577 2268 758 2344 rependens:

110 2366 189 2410 nuno
210 2350 313 2411 eadem
336 2351 453 2411 fortuna
475 2351 552 2409 viros
573 2357 617 2409 tot
637 2351 752 2411 casibus
773 2360 854 2412 actos

109 2433 281 2510 insequitur.
322 2452 409 2512 quem
432 2434 483 2493 das
504 2433 607 2503 finem,
629 2452 682 2494 rex
702 2450 822 2510 magne,
843 2434 996 2495 laborum?

110 2517 239 2577 Antenor
259 2518 354 2593 potuit
375 2518 478 2578 mediis
498 2517 613 2596 elapsus
629 2517 744 2578 Achivis

110 2598 239 2677 lllyrioos
262 2609 417 2675 penetrare
439 2603 520 2661 sinus
541 2609 628 2679 atque
645 2603 755 2662 intuma
777 2607 857 2661 tutus

110 2700 201 2759 regna
222 2682 421 2745 Liburnorum
443 2693 472 2745 et
489 2685 600 2744 iontem
621 2702 763 2763 superare
785 2683 915 2752 Timavi,

111 2766 189 2825 unde
210 2783 262 2842 per
284 2784 336 2825 ora
358 2785 462 2827 novem
482 2772 561 2827 vasto
584 2785 651 2826 oum
672 2784 824 2826 murmure
846 2766 953 2824 montis

110 2850 132 2906 it
153 2866 235 2908 mare
256 2857 431 2926 proruptum
451 2860 480 2908 et
501 2847 605 2925 pelago
627 2851 735 2924 premit
755 2866 824 2907 arva
845 2847 967 2906 sonanti.

110 2931 159 2991 hio
180 2938 278 2991 tamen
297 2929 346 2991 ille
363 2931 468 2990 urbem
484 2930 583 2990 Patavi
604 2930 748 3008 sedesque
769 2929 873 2989 locavit

110 3013 310 3084 Teucrorum,
333 3021 362 3074 et
382 3014 461 3089 genti
482 3031 589 3073 nomen
612 3013 691 3072 dedit
709 3030 848 3090 armaque
871 3011 932 3070 finit

111 3096 215 3167 Troia,
239 3116 318 3159 nuno
339 3097 451 3175 placida
474 3104 642 3172 compostus
660 3114 734 3173 pace
753 3097 889 3173 quiescit:

112 3197 180 3250 nos,
204 3189 252 3242 tua
273 3182 443 3260 progenies
466 3179 539 3241 caeli
558 3179 665 3258 quibus
686 3180 790 3239 adnuis
811 3196 926 3246 arcem,

112 3264 233 3326 navibus
253 3264 436 3344 (infandum'tl
464 3264 576 3325 amissis
596 3263 683 3324 unius
702 3262 739 3322 ob
759 3262 833 3321 iram

110 3354 263 3429 prodimur
281 3344 373 3433 atque
390 3347 468 3410 Italis
489 3348 575 3423 longe
597 3345 789 3421 disiungimur
811 3346 879 3405 oris.

108 3438 159 3500 hic
180 3439 295 3516 pietatis
316 3438 429 3499 honos?
450 3433 492 3493 sic
513 3448 567 3491 nos
588 3432 618 3490 in
638 3436 753 3506 sceptra
775 3428 912 3505 reponisl
