2400 3878
524 210 647 258 cunnx.
1026 197 1086 260 ³63

81 362 227 425 Cerberus
249 370 278 422 et
300 362 370 423 diris
392 361 528 423 latrantia
550 363 672 424 rictibus
694 382 755 435 ora,
1036 373 1087 423 220

80 446 223 525 anguibus
244 447 313 507 binc
336 454 422 525 atque
444 446 513 506 hinc
534 447 659 507 horrent
680 449 726 508 cui
749 446 822 507 colla
844 448 961 508 retiexis

80 532 330 608 sanguineumque
352 532 462 590 micant
483 529 620 590 ardorem
642 529 760 590 luminis
782 529 879 591 orbes.

79 613 153 683 heu,
177 613 246 692 quid
269 613 304 672 ab
328 613 424 672 oiiicio
447 612 577 691 digressa
600 622 644 674 est
665 615 772 691 gratia,
795 631 862 675 cnm
885 624 913 672 te

79 699 193 757 restitui
215 697 329 775 superis
344 695 402 755 leti
422 697 480 756 iam
502 696 603 756 limine
624 697 660 756 ab
681 697 763 776 ipso⁹

79 781 210 857 praemia
232 787 299 839 sunt
320 780 436 858 pietatis
457 778 523 854 ubi,
545 782 661 858 pietatis
682 781 828 841 honoresl

79 866 110 921 in
132 881 220 922 vanas
242 861 341 922 abiere
364 865 441 922 vices
464 870 493 922 et
514 880 585 922 rure
606 865 728 924 recessit

79 947 188 1005 iustitia
211 953 240 1005 et
261 948 344 1024 prior
364 946 414 1007 illa
436 945 519 1007 fides.
542 948 679 1006 instantia
701 948 756 1006 rici

80 1027 215 1099 alterius,
239 1031 301 1089 sine
323 1037 459 1110 respectu
481 1048 546 1090 mea
568 1030 625 1089 iata
648 1029 817 1109 relinquens

80 1112 116 1170 ad
138 1113 246 1190 pariles
268 1131 339 1190 agor
362 1122 496 1175 eventus:
520 1115 552 1173 tit
572 1132 667 1193 poena
689 1115 827 1177 merenti.

79 1213 174 1273 poena
196 1197 234 1255 sit
255 1197 389 1256 exitium:
412 1197 499 1257 modo
522 1199 560 1257 sit
581 1196 648 1257 dum
673 1205 755 1276 grata
776 1195 918 1267 voluntas,

81 1280 184 1337 existat
204 1296 258 1357 par
281 1279 418 1340 oliicium.
441 1280 522 1340 feror
543 1283 604 1341 aria
627 1298 759 1360 carpens,

80 1362 142 1420 avia
166 1362 338 1422 Cimmerios
359 1364 437 1422 inter
459 1363 593 1423 distantia
616 1363 706 1434 lucos,

80 1463 166 1523 quem
190 1445 268 1502 circa
290 1446 388 1503 tristes
409 1443 570 1504 densentur
592 1447 623 1506 in
645 1446 728 1505 obvia
749 1464 871 1524 poenae.

79 1546 147 1587 nam
169 1528 282 1587 vinetus
303 1526 385 1586 sedet
405 1528 532 1587 inmanis
553 1528 739 1605 serpentibus
761 1527 839 1596 Otos,

80 1611 246 1670 devinctum
269 1617 398 1670 maestus
419 1609 522 1689 procul
545 1611 690 1688 aspiciens
712 1610 875 1690 prIalten

80 1697 177 1754 conati
199 1695 346 1772 quondam
370 1712 436 1753 oum
457 1695 516 1753 sint
537 1693 706 1755 rescindere
728 1694 884 1762 mundum:

80 1785 109 1838 et
130 1779 243 1856 Tityos,
265 1778 390 1848 Latona,
413 1784 480 1836 tuae
502 1794 616 1837 memor
638 1779 740 1838 anxius
761 1779 823 1836 irae

80 1859 281 1940 (implacabilis
298 1864 341 1923 ira
360 1859 456 1939 nimis)
479 1862 555 1920 iacet
577 1859 652 1920 alitis
675 1879 750 1922 esca.

80 1952 208 2014 terreor,
233 1963 264 2015 a,
287 1945 375 2004 tantis
395 1945 546 2015 insistere,
571 1951 698 2015 terreor,
721 1943 847 2006 umbrisl

81 2028 116 2088 ad
138 2029 251 2107 Stygias
273 2035 425 2088 revocatus
447 2046 536 2107 aquas
557 2029 605 2088 rix
626 2027 745 2090 ultimus
767 2030 846 2088 amni

80 2118 159 2173 extat
181 2123 333 2174 nectareas
356 2112 451 2172 divom
474 2113 524 2191 qui
545 2110 675 2190 prodidit
697 2130 787 2182 escas,

79 2197 206 2272 gutturis
227 2197 323 2256 arenti
344 2194 492 2256 revolutus
513 2197 612 2255 inania
635 2214 733 2257 sensu.

79 2278 162 2356 quid,
186 2297 287 2338 saxum
308 2279 413 2357 procul
435 2278 556 2339 adverso
578 2280 628 2357 qui
649 2287 749 2339 monte
771 2277 900 2346 revolvit,

80 2362 289 2438 contempsisse
311 2361 395 2421 labor
417 2380 505 2439 quem
527 2363 647 2421 numina
669 2363 757 2421 vincit
779 2360 902 2421 acerba?

80 2445 138 2503 otia
161 2451 336 2521 quaerentes
357 2443 467 2503 frustra
489 2444 588 2502 cribro
609 2445 663 2511 ite,
686 2442 809 2521 puellae,

78 2528 134 2595 ite,
158 2525 263 2604 quibus
284 2524 384 2584 taedas
407 2524 572 2584 accendens
593 2526 685 2585 tristis
706 2526 811 2602 Erinys

79 2611 155 2670 sicut
175 2609 287 2686 Hymen
312 2607 375 2686 (pro
398 2607 480 2686 latai)
505 2606 585 2667 dedit
606 2608 731 2668 conubia
752 2608 864 2667 mortis.

80 2701 166 2771 atque
189 2691 260 2752 alias
281 2689 337 2750 alio
360 2690 465 2751 densas
488 2708 594 2769 supero
617 2692 733 2768 agmine
755 2697 874 2760 turmas,

78 2779 229 2856 impietate
243 2777 307 2837 iera
326 2774 480 2835 vecordem
503 2772 641 2835 Colchida
663 2782 796 2844 matrem,

80 2862 164 2920 anxia
187 2858 318 2920 sollicitis
339 2858 530 2920 meditantem
552 2856 671 2917 volnera
693 2859 783 2925 natis;

78 2946 136 3004 iam
158 2943 334 3004 Pandionias
355 2942 537 3004 miserandas
558 2941 641 3020 prole
663 2942 784 3020 puellas,

79 3046 202 3106 quarum
224 3046 280 3087 vox
301 3028 364 3106 ltyn
387 3025 447 3087 edit
466 3026 545 3106 Ityn,
569 3045 626 3105 quo
648 3027 795 3088 Bistonius
817 3044 869 3087 rer

79 3109 169 3169 orbus
192 3129 282 3189 epops
303 3118 417 3172 maeret
437 3110 563 3171 volucris
586 3119 702 3173 evectus
724 3113 755 3170 in
777 3128 871 3170 auras.

79 3201 108 3252 at
130 3192 330 3253 discordantes
352 3194 479 3257 Cadmeo
501 3195 613 3255 semine
635 3194 740 3253 iratres

78 3277 135 3334 iam
157 3275 321 3335 truculenta
343 3276 442 3337 lerunt
462 3277 625 3353 infestaque
646 3275 755 3335 lumina
779 3290 885 3351 corpus

79 3357 152 3418 alter
173 3359 204 3417 in
226 3357 361 3427 alterius;
384 3361 501 3437 iamque
523 3365 672 3418 aversatur
693 3364 826 3434 uterque,

79 3441 165 3519 impia
181 3444 313 3517 germani
341 3453 437 3505 manat
457 3440 535 3519 quod
557 3442 698 3517 sanguine
721 3439 832 3499 dextra
