2400 3878
451 229 596 278 venenat
611 230 738 278 anunm
754 232 777 277 X

107 388 221 466 (aspera
244 386 309 464 quis
330 393 436 448 natura
454 384 513 446 lool
535 385 680 446 dimittere
701 384 817 462 quando

106 473 197 532 suasit
219 471 330 552 equos),
350 489 443 531 unum
466 469 543 548 quod
564 467 655 529 rebus
677 475 767 530 restat
789 470 898 547 egenis,

104 565 186 615 nunc
203 572 303 632 prece,
328 573 407 616 nunc
428 554 514 614 dictls
536 554 672 614 virtutem
695 553 829 614 accendit
850 555 972 614 amaris:

112 632 181 715 ‘quo
200 637 307 715 lugitis,
331 638 421 699 sociil
449 655 502 716 per
524 655 575 698 vos
598 643 627 698 et
645 637 731 697 sortia
753 636 839 706 lacta,

106 739 161 802 per
183 721 265 782 ducis
286 721 418 783 Euandri
438 738 547 783 nomen
566 721 736 799 devictaque
757 719 834 781 hella
1070 728 1123 780 370

101 822 249 882 spemque
270 823 377 875 meam,
398 806 511 884 patriae
534 823 608 883 quae
631 823 711 865 nnnc
731 803 810 866 subit
832 803 947 866 aemula
967 805 1055 874 laudi,

106 888 187 950 lidlte
204 907 242 949 ne
264 889 399 968 pedihus.
433 889 513 950 ferro
533 889 697 969 rumpenda
717 906 772 966 per
794 889 887 950 hostis

106 981 150 1034 est
171 973 224 1034 via.
258 992 317 1052 qua
338 973 443 1052 globus
462 973 511 1034 ille
532 974 628 1042 virum
651 972 841 1033 densissimus
861 982 956 1050 urget,

105 1056 161 1116 hac
183 1073 234 1116 vos
256 1064 286 1117 et
306 1057 438 1118 Pallanta
460 1058 566 1119 ducem
588 1057 683 1134 patria
704 1056 762 1116 alta
784 1057 922 1134 reposcit.

107 1141 227 1200 numina
246 1140 327 1202 nulla
348 1151 497 1221 premunt,
521 1138 639 1201 mortali
657 1158 800 1218 urgemur
821 1139 857 1200 ah
882 1142 966 1202 hoste
1070 1147 1122 1204 070

104 1223 252 1295 mortales,
274 1225 396 1286 totidem
417 1224 505 1287 nobis
524 1226 697 1303 animaeque
718 1243 892 1303 manusque.

105 1328 184 1378 ecce,
206 1312 297 1370 maris
317 1326 422 1387 magna
444 1309 553 1371 claudit
572 1326 627 1368 nos
649 1308 733 1386 obice
753 1317 871 1388 pontus,

105 1393 170 1454 dest
189 1393 247 1454 iam
267 1402 347 1454 terra
367 1393 470 1471 fugae:
492 1392 614 1472 pelagus
634 1393 793 1452 Troiamne
815 1393 982 1470 petemus?¹

107 1478 180 1538 haec
202 1478 242 1538 alt
263 1486 293 1538 et
314 1476 428 1537 medius
448 1475 556 1536 densos
577 1475 745 1554 prorumpit
765 1476 796 1534 in
817 1475 921 1535 hostis.

107 1560 211 1621 obvius
233 1561 302 1621 hnic
323 1560 463 1638 primum,
484 1559 550 1619 latis
571 1558 713 1619 adductus
733 1558 850 1635 iniquis,
1069 1565 1121 1616 000

105 1645 137 1705 flt
156 1643 263 1721 Lagus.
296 1643 386 1713 hunc,
407 1659 514 1722 magno
535 1640 615 1702 vellit
636 1640 707 1700 dum
725 1641 858 1718 pondere
880 1660 993 1715 saxum,

105 1729 214 1786 intorto
235 1727 297 1805 figit
316 1726 385 1797 telo,
408 1725 577 1786 discrimina
599 1726 688 1785 costis

104 1827 158 1890 per
180 1809 311 1871 medium
330 1827 387 1889 qua
409 1811 494 1888 spina
517 1808 613 1878 dabat,
636 1807 809 1889 hastamque
830 1817 1034 1888 receptatſsae

105 1893 221 1955 ossibus
240 1893 422 1956 haerentem.
456 1912 545 1973 quem
565 1911 625 1954 non
645 1911 735 1973 super
757 1901 882 1973 occupat
903 1893 1002 1962 llisho,

105 1975 153 2039 ille
173 1979 291 2058 quidem
309 1979 368 2039 hoc
391 1996 529 2058 sperans:
550 1996 620 2038 nam
640 1976 735 2039 Pallas
758 1984 832 2040 ante·
845 1985 989 2047 ruentem,
1070 1986 1121 2037 000

105 2064 176 2124 dum
194 2064 272 2132 furit,
296 2063 446 2124 lncautum
467 2061 579 2124 crudeli
599 2068 696 2124 morte
715 2061 824 2123 sodalis

107 2147 216 2227 excipit
237 2155 324 2226 atque
345 2164 446 2209 ensem
468 2147 579 2208 tumido
599 2149 629 2207 in
648 2145 789 2225 pulmone
809 2149 951 2208 recondit

105 2231 174 2292 hinc
193 2230 347 2292 Sthenium
366 2233 439 2310 petit
460 2239 489 2292 et
508 2231 614 2292 Rhoeti
638 2231 780 2309 degente
801 2238 914 2293 vetusta

104 2313 328 2384 Anchemolum,
349 2314 492 2376 thalamos
512 2333 616 2376 ausum
639 2315 784 2376 incestare
802 2332 956 2376 novercae.

107 2416 156 2458 ros
178 2400 275 2469 etiam,
300 2400 420 2475 gemini,
443 2399 557 2459 Rutulis
580 2398 727 2459 cecidistis
748 2399 778 2457 in
800 2399 886 2475 agris,
1069 2405 1121 2456 000

105 2482 222 2551 llaucia,
245 2482 351 2543 Laride
371 2480 588 2560 Thymberque,
609 2481 755 2540 simillima
776 2480 884 2560 proles,

104 2566 264 2628 indiscreta
282 2567 342 2626 suis
361 2572 520 2644 gratusque
541 2563 713 2643 parentibus
736 2583 837 2632 error;

105 2658 134 2710 at
152 2669 231 2709 nunc
253 2649 327 2710 dura
349 2648 428 2709 dedit
445 2647 527 2708 vohis
548 2647 716 2708 discrimina
738 2646 848 2708 Pallas:

105 2751 173 2794 nam
194 2733 255 2805 tihi,
277 2732 436 2813 Thymbre,
459 2739 546 2810 caput
568 2731 734 2792 Euandrius
756 2730 878 2792 ahstulit
900 2734 992 2800 ensis;

106 2826 134 2878 te
157 2819 254 2879 decisa
276 2836 371 2886 suum,
395 2815 509 2886 Laride,
532 2815 651 2876 dextera
674 2817 789 2894 quaerit
1069 2824 1120 2875 000

108 2901 351 2980 semianimesque
373 2901 483 2962 micant
504 2899 586 2977 digiti
608 2898 780 2979 ferrumque
802 2908 970 2962 retractant

105 2983 234 3045 Arcadas
254 3003 394 3046 accensos
415 2985 528 3046 monitu
550 2992 579 3045 et
600 2983 751 3062 praeclara
775 2987 881 3047 tuentis

106 3067 182 3127 lacta
201 3070 254 3129 riri
276 3071 384 3130 mixtus
405 3067 489 3129 dolor
513 3075 542 3129 et
563 3068 661 3146 pudor
684 3076 778 3130 armat
799 3071 829 3130 in
854 3069 955 3131 hostis.

108 3158 170 3210 tum
191 3151 286 3212 Pallas
305 3153 413 3230 biiugis
435 3154 595 3230 lugientem
616 3152 748 3214 Rhoetea
769 3162 887 3232 praeter

107 3234 211 3294 traicit.
246 3235 304 3296 hoc
326 3238 452 3315 spatium
473 3245 645 3312 tantumque
665 3253 766 3296 morae
786 3236 839 3296 luit
857 3236 914 3304 llo;
1068 3240 1120 3293 000

109 3317 148 3378 llo
169 3336 296 3397 namque
317 3320 422 3399 procul
442 3319 566 3382 validam
588 3319 742 3380 derexerat
761 3318 885 3390 hastam,

108 3420 196 3480 quam
217 3403 331 3464 medius
352 3403 501 3465 Rhoeteus
520 3404 677 3481 intercipit,
698 3403 806 3482 optime
827 3403 955 3465 Teuthra

107 3496 136 3546 te
156 3486 271 3566 lugiens
293 3487 475 3564 fratremque
497 3488 603 3566 Tyren,
625 3485 775 3565 'curruque
795 3485 910 3549 volutus

856 3587 893 3648 19
