<?xml version="1.0" encoding="UTF-8"?>
<!DOCTYPE html PUBLIC "-//W3C//DTD XHTML 1.0 Transitional//EN"
    "http://www.w3.org/TR/xhtml1/DTD/xhtml1-transitional.dtd">
<html xmlns="http://www.w3.org/1999/xhtml" xml:lang="en" lang="en">
 <head>
  <title>
</title>
<meta http-equiv="Content-Type" content="text/html;charset=utf-8" />
  <meta name='ocr-system' content='tesseract 3.04.00' />
  <meta name='ocr-capabilities' content='ocr_page ocr_carea ocr_par ocr_line ocrx_word'/>
</head>
<body>
  <div class='ocr_page' id='page_1' title='image "./operainusumscho00virggoog_0356.png"; bbox 0 0 2400 3878; ppageno 0'>
   <div class='ocr_carea' id='block_1_1' title="bbox 125 225 799 287">
    <p class='ocr_par' dir='ltr' id='par_1_1' title="bbox 125 225 799 287">
     <span class='ocr_line' id='line_1_1' title="bbox 125 225 799 287; baseline -0.006 -1"><span class='ocrx_word' id='word_1_1' title='bbox 125 225 187 287; x_wconf 73' lang='lat'><strong>³16</strong></span> <span class='ocrx_word' id='word_1_2' title='bbox 461 234 604 283; x_wconf 79' lang='lat' dir='ltr'><strong>rnnorrn</strong></span> <span class='ocrx_word' id='word_1_3' title='bbox 619 235 744 283; x_wconf 73' lang='lat' dir='ltr'><strong>snsms</strong></span> <span class='ocrx_word' id='word_1_4' title='bbox 763 237 799 283; x_wconf 73' lang='grc' dir='ltr'><strong>ιι</strong></span> 
     </span>
    </p>
   </div>
   <div class='ocr_carea' id='block_1_2' title="bbox 122 388 1141 3568">
    <p class='ocr_par' dir='ltr' id='par_1_2' title="bbox 122 388 1141 3568">
     <span class='ocr_line' id='line_1_2' title="bbox 126 388 776 469; baseline -0.002 -16"><span class='ocrx_word' id='word_1_5' title='bbox 126 392 249 453; x_wconf 73' lang='grc' dir='ltr'><strong>νίἀῑωιιι</strong></span> <span class='ocrx_word' id='word_1_6' title='bbox 270 393 394 469; x_wconf 84' lang='lat' dir='ltr'><strong>ingentis</strong></span> <span class='ocrx_word' id='word_1_7' title='bbox 418 399 446 452; x_wconf 89' lang='lat' dir='ltr'><strong>et</strong></span> <span class='ocrx_word' id='word_1_8' title='bbox 467 388 660 451; x_wconf 81' lang='lat' dir='ltr'><strong>desolaslmus</strong></span> <span class='ocrx_word' id='word_1_9' title='bbox 680 408 776 468; x_wconf 83' lang='lat' dir='ltr'><strong>agros.</strong></span> 
     </span>
     <span class='ocr_line' id='line_1_3' title="bbox 126 473 878 551; baseline -0.003 -15"><span class='ocrx_word' id='word_1_10' title='bbox 126 483 175 538; x_wconf 72' lang='lat' dir='ltr'><strong>rut</strong></span> <span class='ocrx_word' id='word_1_11' title='bbox 195 477 219 534; x_wconf 87' lang='lat' dir='ltr'><strong>si</strong></span> <span class='ocrx_word' id='word_1_12' title='bbox 243 474 319 534; x_wconf 78' lang='lat' dir='ltr'><strong>tama</strong></span> <span class='ocrx_word' id='word_1_13' title='bbox 340 483 445 543; x_wconf 85' lang='lat' dir='ltr'><strong>moret,</strong></span> <span class='ocrx_word' id='word_1_14' title='bbox 469 476 494 534; x_wconf 89' lang='lat' dir='ltr'><strong>si</strong></span> <span class='ocrx_word' id='word_1_15' title='bbox 515 482 627 533; x_wconf 87' lang='lat' dir='ltr'><strong>tantum</strong></span> <span class='ocrx_word' id='word_1_16' title='bbox 646 481 766 551; x_wconf 79' lang='lat' dir='ltr'><strong>pectore</strong></span> <span class='ocrx_word' id='word_1_17' title='bbox 787 473 878 534; x_wconf 89' lang='lat' dir='ltr'><strong>robur</strong></span> 
     </span>
     <span class='ocr_line' id='line_1_4' title="bbox 126 556 817 637; baseline 0.004 -16"><span class='ocrx_word' id='word_1_18' title='bbox 126 559 256 637; x_wconf 78' lang='lat' dir='ltr'><strong>concipis</strong></span> <span class='ocrx_word' id='word_1_19' title='bbox 278 566 307 618; x_wconf 91' lang='lat' dir='ltr'><strong>et</strong></span> <span class='ocrx_word' id='word_1_20' title='bbox 328 559 354 617; x_wconf 89' lang='lat' dir='ltr'><strong>si</strong></span> <span class='ocrx_word' id='word_1_21' title='bbox 375 559 449 619; x_wconf 89' lang='lat' dir='ltr'><strong>adeo</strong></span> <span class='ocrx_word' id='word_1_22' title='bbox 471 556 573 619; x_wconf 87' lang='lat' dir='ltr'><strong>dotalis</strong></span> <span class='ocrx_word' id='word_1_23' title='bbox 595 560 676 635; x_wconf 89' lang='lat' dir='ltr'><strong>regia</strong></span> <span class='ocrx_word' id='word_1_24' title='bbox 698 557 817 623; x_wconf 86' lang='lat' dir='ltr'><strong>cordist.</strong></span> 
     </span>
     <span class='ocr_line' id='line_1_5' title="bbox 126 641 972 721; baseline 0.001 -16"><span class='ocrx_word' id='word_1_25' title='bbox 126 644 306 721; x_wconf 81' lang='lat' dir='ltr'><strong>audeatque</strong></span> <span class='ocrx_word' id='word_1_26' title='bbox 327 641 481 703; x_wconf 86' lang='lat' dir='ltr'><strong>adversum</strong></span> <span class='ocrx_word' id='word_1_27' title='bbox 502 642 594 703; x_wconf 83' lang='lat' dir='ltr'><strong>ddens</strong></span> <span class='ocrx_word' id='word_1_28' title='bbox 615 642 659 701; x_wconf 85' lang='lat' dir='ltr'><strong>ier</strong></span> <span class='ocrx_word' id='word_1_29' title='bbox 678 649 780 721; x_wconf 91' lang='lat' dir='ltr'><strong>pectus</strong></span> <span class='ocrx_word' id='word_1_30' title='bbox 798 643 828 701; x_wconf 93' lang='lat' dir='ltr'><strong>in</strong></span> <span class='ocrx_word' id='word_1_31' title='bbox 848 641 972 705; x_wconf 80' lang='lat' dir='ltr'><strong>hostem.</strong></span> 
     </span>
     <span class='ocr_line' id='line_1_6' title="bbox 125 724 836 803; baseline -0.004 -15"><span class='ocrx_word' id='word_1_32' title='bbox 125 725 235 788; x_wconf 83' lang='lat' dir='ltr'><strong>sedicet</strong></span> <span class='ocrx_word' id='word_1_33' title='bbox 254 732 287 786; x_wconf 91' lang='lat' dir='ltr'><strong>ut</strong></span> <span class='ocrx_word' id='word_1_34' title='bbox 308 724 410 786; x_wconf 82' lang='lat' dir='ltr'><strong>Turno</strong></span> <span class='ocrx_word' id='word_1_35' title='bbox 431 728 581 803; x_wconf 88' lang='lat' dir='ltr'><strong>contingat</strong></span> <span class='ocrx_word' id='word_1_36' title='bbox 602 728 683 802; x_wconf 87' lang='lat' dir='ltr'><strong>regia</strong></span> <span class='ocrx_word' id='word_1_37' title='bbox 701 727 836 793; x_wconf 86' lang='lat' dir='ltr'><strong>coniunx,</strong></span> 
     </span>
     <span class='ocr_line' id='line_1_7' title="bbox 125 807 875 888; baseline -0.001 -18"><span class='ocrx_word' id='word_1_38' title='bbox 125 828 180 871; x_wconf 89' lang='lat' dir='ltr'><strong>nos</strong></span> <span class='ocrx_word' id='word_1_39' title='bbox 198 810 312 870; x_wconf 85' lang='lat' dir='ltr'><strong>animae</strong></span> <span class='ocrx_word' id='word_1_40' title='bbox 334 807 412 880; x_wconf 84' lang='lat' dir='ltr'><strong>siles,</strong></span> <span class='ocrx_word' id='word_1_41' title='bbox 433 810 582 871; x_wconf 88' lang='lat' dir='ltr'><strong>inhumata</strong></span> <span class='ocrx_word' id='word_1_42' title='bbox 603 809 760 888; x_wconf 85' lang='lat' dir='ltr'><strong>infletaque</strong></span> <span class='ocrx_word' id='word_1_43' title='bbox 780 808 875 876; x_wconf 90' lang='lat' dir='ltr'><strong>turba,</strong></span> 
     </span>
     <span class='ocr_line' id='line_1_8' title="bbox 126 892 867 973; baseline 0 -21"><span class='ocrx_word' id='word_1_44' title='bbox 126 903 292 955; x_wconf 74' lang='lat' dir='ltr'>sternamur</span> <span class='ocrx_word' id='word_1_45' title='bbox 313 895 433 973; x_wconf 90' lang='lat' dir='ltr'><strong>campis.</strong></span> <span class='ocrx_word' id='word_1_46' title='bbox 466 895 553 955; x_wconf 87' lang='lat' dir='ltr'><strong>etiam</strong></span> <span class='ocrx_word' id='word_1_47' title='bbox 574 901 615 963; x_wconf 84' lang='lat' dir='ltr'><strong>tn,</strong></span> <span class='ocrx_word' id='word_1_48' title='bbox 638 895 720 972; x_wconf 86' lang='lat' dir='ltr'><strong>siqua</strong></span> <span class='ocrx_word' id='word_1_49' title='bbox 743 892 795 953; x_wconf 91' lang='lat' dir='ltr'><strong>tibi</strong></span> <span class='ocrx_word' id='word_1_50' title='bbox 816 894 867 960; x_wconf 87' lang='lat' dir='ltr'><strong>ris,</strong></span> 
     </span>
     <span class='ocr_line' id='line_1_9' title="bbox 126 975 948 1057; baseline 0.006 -23"><span class='ocrx_word' id='word_1_51' title='bbox 126 979 151 1039; x_wconf 81' lang='lat' dir='ltr'><strong>si</strong></span> <span class='ocrx_word' id='word_1_52' title='bbox 169 977 256 1057; x_wconf 87' lang='lat' dir='ltr'><strong>patrii</strong></span> <span class='ocrx_word' id='word_1_53' title='bbox 277 977 348 1055; x_wconf 87' lang='lat' dir='ltr'><strong>quid</strong></span> <span class='ocrx_word' id='word_1_54' title='bbox 371 977 470 1038; x_wconf 85' lang='lat' dir='ltr'><strong>biartis</strong></span> <span class='ocrx_word' id='word_1_55' title='bbox 491 976 592 1046; x_wconf 85' lang='lat' dir='ltr'><strong>habes,</strong></span> <span class='ocrx_word' id='word_1_56' title='bbox 614 975 695 1037; x_wconf 91' lang='lat' dir='ltr'><strong>illurn</strong></span> <span class='ocrx_word' id='word_1_57' title='bbox 719 978 816 1055; x_wconf 82' lang='lat' dir='ltr'><strong>aspice</strong></span> <span class='ocrx_word' id='word_1_58' title='bbox 836 985 948 1048; x_wconf 88' lang='lat' dir='ltr'><strong>contra,</strong></span> 
     </span>
     <span class='ocr_line' id='line_1_10' title="bbox 127 1059 301 1139; baseline -0.023 -16"><span class='ocrx_word' id='word_1_59' title='bbox 127 1063 177 1139; x_wconf 91' lang='lat' dir='ltr'><strong>qui</strong></span> <span class='ocrx_word' id='word_1_60' title='bbox 199 1059 301 1121; x_wconf 67' lang='lat' dir='ltr'><strong>vocat!</strong></span> 
     </span>
     <span class='ocr_line' id='line_1_11' title="bbox 168 1142 801 1206; baseline -0.002 0"><span class='ocrx_word' id='word_1_61' title='bbox 168 1142 286 1206; x_wconf 81' lang='lat' dir='ltr'><strong>Talibus</strong></span> <span class='ocrx_word' id='word_1_62' title='bbox 309 1145 416 1205; x_wconf 76' lang='lat' dir='ltr'><strong>exarsit</strong></span> <span class='ocrx_word' id='word_1_63' title='bbox 437 1144 522 1205; x_wconf 89' lang='lat' dir='ltr'><strong>dictis</strong></span> <span class='ocrx_word' id='word_1_64' title='bbox 544 1144 677 1205; x_wconf 81' lang='lat' dir='ltr'><strong>violentia</strong></span> <span class='ocrx_word' id='word_1_65' title='bbox 699 1144 801 1205; x_wconf 82' lang='lat' dir='ltr'><strong>Turni.</strong></span> 
     </span>
     <span class='ocr_line' id='line_1_12' title="bbox 127 1228 925 1308; baseline 0.003 -19"><span class='ocrx_word' id='word_1_66' title='bbox 127 1229 175 1289; x_wconf 89' lang='lat' dir='ltr'><strong>dat</strong></span> <span class='ocrx_word' id='word_1_67' title='bbox 194 1229 335 1305; x_wconf 77' lang='lat' dir='ltr'><strong>gemitum</strong></span> <span class='ocrx_word' id='word_1_68' title='bbox 357 1230 525 1308; x_wconf 77' lang='lat' dir='ltr'><strong>rumpitque</strong></span> <span class='ocrx_word' id='word_1_69' title='bbox 546 1228 598 1288; x_wconf 85' lang='lat' dir='ltr'><strong>bas</strong></span> <span class='ocrx_word' id='word_1_70' title='bbox 617 1229 677 1287; x_wconf 89' lang='lat' dir='ltr'><strong>imo</strong></span> <span class='ocrx_word' id='word_1_71' title='bbox 698 1236 818 1306; x_wconf 91' lang='lat' dir='ltr'><strong>pectore</strong></span> <span class='ocrx_word' id='word_1_72' title='bbox 840 1247 925 1291; x_wconf 88' lang='lat' dir='ltr'><strong>voces</strong></span> 
     </span>
     <span class='ocr_line' id='line_1_13' title="bbox 127 1310 939 1391; baseline 0 -18"><span class='ocrx_word' id='word_1_73' title='bbox 127 1313 224 1391; x_wconf 79' lang='lat' dir='ltr'><strong>‘larga</strong></span> <span class='ocrx_word' id='word_1_74' title='bbox 247 1310 374 1390; x_wconf 87' lang='lat' dir='ltr'><strong>quidem,</strong></span> <span class='ocrx_word' id='word_1_75' title='bbox 398 1313 522 1380; x_wconf 82' lang='lat' dir='ltr'><strong>Drance,</strong></span> <span class='ocrx_word' id='word_1_76' title='bbox 544 1329 660 1390; x_wconf 88' lang='lat' dir='ltr'><strong>semper</strong></span> <span class='ocrx_word' id='word_1_77' title='bbox 682 1311 735 1372; x_wconf 88' lang='lat' dir='ltr'><strong>tibi</strong></span> <span class='ocrx_word' id='word_1_78' title='bbox 758 1313 841 1391; x_wconf 87' lang='lat' dir='ltr'><strong>copia</strong></span> <span class='ocrx_word' id='word_1_79' title='bbox 860 1313 939 1373; x_wconf 80' lang='lat' dir='ltr'><strong>fundi</strong></span> 
     </span>
     <span class='ocr_line' id='line_1_14' title="bbox 125 1394 1007 1476; baseline -0.002 -20"><span class='ocrx_word' id='word_1_80' title='bbox 125 1405 197 1466; x_wconf 90' lang='lat' dir='ltr'><strong>tum,</strong></span> <span class='ocrx_word' id='word_1_81' title='bbox 216 1413 283 1457; x_wconf 91' lang='lat' dir='ltr'><strong>cum</strong></span> <span class='ocrx_word' id='word_1_82' title='bbox 307 1394 384 1457; x_wconf 87' lang='lat' dir='ltr'><strong>bella</strong></span> <span class='ocrx_word' id='word_1_83' title='bbox 405 1413 509 1456; x_wconf 84' lang='lat' dir='ltr'><strong>manus</strong></span> <span class='ocrx_word' id='word_1_84' title='bbox 531 1406 666 1476; x_wconf 88' lang='lat' dir='ltr'><strong>poscunt,</strong></span> <span class='ocrx_word' id='word_1_85' title='bbox 687 1395 879 1475; x_wconf 88' lang='lat' dir='ltr'><strong>patribusque</strong></span> <span class='ocrx_word' id='word_1_86' title='bbox 899 1396 1007 1465; x_wconf 71' lang='lat' dir='ltr'><strong>vocans</strong></span> 
     </span>
     <span class='ocr_line' id='line_1_15' title="bbox 127 1479 949 1561; baseline -0.001 -20"><span class='ocrx_word' id='word_1_87' title='bbox 127 1483 239 1561; x_wconf 90' lang='lat' dir='ltr'><strong>primus</strong></span> <span class='ocrx_word' id='word_1_88' title='bbox 258 1479 337 1541; x_wconf 89' lang='lat' dir='ltr'><strong>ades.</strong></span> <span class='ocrx_word' id='word_1_89' title='bbox 372 1479 424 1542; x_wconf 90' lang='lat' dir='ltr'><strong>sed</strong></span> <span class='ocrx_word' id='word_1_90' title='bbox 439 1498 499 1541; x_wconf 93' lang='lat' dir='ltr'><strong>non</strong></span> <span class='ocrx_word' id='word_1_91' title='bbox 514 1479 655 1559; x_wconf 87' lang='lat' dir='ltr'><strong>replenda</strong></span> <span class='ocrx_word' id='word_1_92' title='bbox 675 1487 719 1540; x_wconf 87' lang='lat' dir='ltr'><strong>est</strong></span> <span class='ocrx_word' id='word_1_93' title='bbox 740 1481 821 1540; x_wconf 87' lang='lat' dir='ltr'><strong>curia</strong></span> <span class='ocrx_word' id='word_1_94' title='bbox 843 1479 949 1549; x_wconf 83' lang='lat' dir='ltr'><strong>verbis,</strong></span> 
     </span>
     <span class='ocr_line' id='line_1_16' title="bbox 126 1563 980 1644; baseline -0.002 -19"><span class='ocrx_word' id='word_1_95' title='bbox 126 1583 200 1644; x_wconf 90' lang='lat' dir='ltr'><strong>quae</strong></span> <span class='ocrx_word' id='word_1_96' title='bbox 222 1571 285 1625; x_wconf 88' lang='lat' dir='ltr'><strong>tuto</strong></span> <span class='ocrx_word' id='word_1_97' title='bbox 307 1563 359 1624; x_wconf 88' lang='lat' dir='ltr'><strong>tibi</strong></span> <span class='ocrx_word' id='word_1_98' title='bbox 382 1581 487 1640; x_wconf 82' lang='lat' dir='ltr'><strong>magna</strong></span> <span class='ocrx_word' id='word_1_99' title='bbox 509 1564 613 1633; x_wconf 83' lang='lat' dir='ltr'><strong>rolant,</strong></span> <span class='ocrx_word' id='word_1_100' title='bbox 635 1564 706 1625; x_wconf 92' lang='lat' dir='ltr'><strong>dum</strong></span> <span class='ocrx_word' id='word_1_101' title='bbox 728 1564 845 1625; x_wconf 89' lang='lat' dir='ltr'><strong>distinet</strong></span> <span class='ocrx_word' id='word_1_102' title='bbox 866 1565 980 1625; x_wconf 87' lang='lat' dir='ltr'><strong>bostem</strong></span> 
     </span>
     <span class='ocr_line' id='line_1_17' title="bbox 126 1647 927 1726; baseline -0.001 -17"><span class='ocrx_word' id='word_1_103' title='bbox 126 1667 215 1726; x_wconf 87' lang='lat' dir='ltr'><strong>agger</strong></span> <span class='ocrx_word' id='word_1_104' title='bbox 231 1665 401 1709; x_wconf 91' lang='lat' dir='ltr'><strong>moerorum</strong></span> <span class='ocrx_word' id='word_1_105' title='bbox 420 1667 475 1710; x_wconf 89' lang='lat' dir='ltr'><strong>nec</strong></span> <span class='ocrx_word' id='word_1_106' title='bbox 495 1647 640 1709; x_wconf 86' lang='lat' dir='ltr'><strong>inundant</strong></span> <span class='ocrx_word' id='word_1_107' title='bbox 661 1648 803 1725; x_wconf 86' lang='lat' dir='ltr'><strong>sanguine</strong></span> <span class='ocrx_word' id='word_1_108' title='bbox 823 1649 927 1708; x_wconf 80' lang='lat' dir='ltr'><strong>fossae.</strong></span> 
     </span>
     <span class='ocr_line' id='line_1_18' title="bbox 126 1731 975 1812; baseline -0.005 -19"><span class='ocrx_word' id='word_1_109' title='bbox 126 1731 252 1812; x_wconf 84' lang='lat' dir='ltr'><strong>proinde</strong></span> <span class='ocrx_word' id='word_1_110' title='bbox 272 1738 341 1792; x_wconf 88' lang='lat' dir='ltr'><strong>tona</strong></span> <span class='ocrx_word' id='word_1_111' title='bbox 364 1732 480 1812; x_wconf 90' lang='lat' dir='ltr'><strong>eloquio</strong></span> <span class='ocrx_word' id='word_1_112' title='bbox 503 1731 631 1810; x_wconf 90' lang='lat' dir='ltr'><strong>(solitum</strong></span> <span class='ocrx_word' id='word_1_113' title='bbox 651 1732 712 1810; x_wconf 82' lang='lat' dir='ltr'><strong>tibi)</strong></span> <span class='ocrx_word' id='word_1_114' title='bbox 736 1750 841 1810; x_wconf 91' lang='lat' dir='ltr'><strong>meque</strong></span> <span class='ocrx_word' id='word_1_115' title='bbox 862 1731 975 1792; x_wconf 92' lang='lat' dir='ltr'><strong>timoris</strong></span> 
     </span>
     <span class='ocr_line' id='line_1_19' title="bbox 125 1814 887 1894; baseline -0.003 -18"><span class='ocrx_word' id='word_1_116' title='bbox 125 1833 216 1892; x_wconf 79' lang='lat' dir='ltr'><strong>argue</strong></span> <span class='ocrx_word' id='word_1_117' title='bbox 235 1822 276 1885; x_wconf 91' lang='lat' dir='ltr'><strong>tu,</strong></span> <span class='ocrx_word' id='word_1_118' title='bbox 299 1814 423 1882; x_wconf 89' lang='lat' dir='ltr'><strong>Drance,</strong></span> <span class='ocrx_word' id='word_1_119' title='bbox 445 1816 563 1894; x_wconf 81' lang='lat' dir='ltr'><strong>quando</strong></span> <span class='ocrx_word' id='word_1_120' title='bbox 581 1823 626 1875; x_wconf 89' lang='lat' dir='ltr'><strong>tot</strong></span> <span class='ocrx_word' id='word_1_121' title='bbox 644 1816 749 1893; x_wconf 91' lang='lat' dir='ltr'><strong>stragis</strong></span> <span class='ocrx_word' id='word_1_122' title='bbox 767 1833 887 1876; x_wconf 74' lang='lat' dir='ltr'><strong>acervos</strong></span> 
     </span>
     <span class='ocr_line' id='line_1_20' title="bbox 125 1897 943 1978; baseline -0.006 -18"><span class='ocrx_word' id='word_1_123' title='bbox 125 1897 309 1960; x_wconf 85' lang='lat' dir='ltr'><strong>Teucrorum</strong></span> <span class='ocrx_word' id='word_1_124' title='bbox 331 1907 381 1958; x_wconf 89' lang='lat' dir='ltr'><strong>tua</strong></span> <span class='ocrx_word' id='word_1_125' title='bbox 404 1898 506 1958; x_wconf 83' lang='lat' dir='ltr'><strong>dextra</strong></span> <span class='ocrx_word' id='word_1_126' title='bbox 528 1898 607 1958; x_wconf 82' lang='lat' dir='ltr'><strong>dedit</strong></span> <span class='ocrx_word' id='word_1_127' title='bbox 625 1899 793 1977; x_wconf 90' lang='lat' dir='ltr'><strong>passimque</strong></span> <span class='ocrx_word' id='word_1_128' title='bbox 815 1901 943 1978; x_wconf 90' lang='lat' dir='ltr'><strong>tropaeis</strong></span> 
     </span>
     <span class='ocr_line' id='line_1_21' title="bbox 125 1981 818 2061; baseline -0.003 -19"><span class='ocrx_word' id='word_1_129' title='bbox 125 1983 247 2059; x_wconf 88' lang='lat' dir='ltr'><strong>insignis</strong></span> <span class='ocrx_word' id='word_1_130' title='bbox 270 1999 365 2061; x_wconf 79' lang='lat' dir='ltr'><strong>egros.</strong></span> <span class='ocrx_word' id='word_1_131' title='bbox 398 1983 491 2060; x_wconf 90' lang='lat' dir='ltr'><strong>possit</strong></span> <span class='ocrx_word' id='word_1_132' title='bbox 512 1981 582 2060; x_wconf 95' lang='lat' dir='ltr'><strong>quid</strong></span> <span class='ocrx_word' id='word_1_133' title='bbox 604 1982 695 2042; x_wconf 86' lang='lat' dir='ltr'><strong>vivida</strong></span> <span class='ocrx_word' id='word_1_134' title='bbox 716 1983 818 2051; x_wconf 78' lang='lat' dir='ltr'><strong>virtus,</strong></span> 
     </span>
     <span class='ocr_line' id='line_1_22' title="bbox 126 2063 820 2143; baseline 0 -17"><span class='ocrx_word' id='word_1_135' title='bbox 126 2067 278 2143; x_wconf 81' lang='lat' dir='ltr'><strong>experiare</strong></span> <span class='ocrx_word' id='word_1_136' title='bbox 299 2065 380 2134; x_wconf 86' lang='lat' dir='ltr'><strong>licet;</strong></span> <span class='ocrx_word' id='word_1_137' title='bbox 402 2082 457 2126; x_wconf 90' lang='lat' dir='ltr'><strong>neo</strong></span> <span class='ocrx_word' id='word_1_138' title='bbox 480 2063 568 2143; x_wconf 88' lang='lat' dir='ltr'><strong>longe</strong></span> <span class='ocrx_word' id='word_1_139' title='bbox 590 2064 701 2125; x_wconf 88' lang='lat' dir='ltr'><strong>scilicet</strong></span> <span class='ocrx_word' id='word_1_140' title='bbox 721 2064 820 2126; x_wconf 89' lang='lat' dir='ltr'><strong>hostes</strong></span> 
     </span>
     <span class='ocr_line' id='line_1_23' title="bbox 125 2147 898 2230; baseline -0.003 -20"><span class='ocrx_word' id='word_1_141' title='bbox 125 2149 285 2230; x_wconf 88' lang='lat' dir='ltr'><strong>quaerendi</strong></span> <span class='ocrx_word' id='word_1_142' title='bbox 305 2147 405 2210; x_wconf 87' lang='lat' dir='ltr'><strong>nobis:</strong></span> <span class='ocrx_word' id='word_1_143' title='bbox 428 2150 618 2210; x_wconf 85' lang='lat' dir='ltr'><strong>circumstant</strong></span> <span class='ocrx_word' id='word_1_144' title='bbox 637 2149 766 2226; x_wconf 90' lang='lat' dir='ltr'><strong>undique</strong></span> <span class='ocrx_word' id='word_1_145' title='bbox 787 2167 898 2209; x_wconf 91' lang='lat' dir='ltr'><strong>muros.</strong></span> 
     </span>
     <span class='ocr_line' id='line_1_24' title="bbox 125 2232 922 2312; baseline -0.003 -18"><span class='ocrx_word' id='word_1_146' title='bbox 125 2236 200 2294; x_wconf 92' lang='lat' dir='ltr'><strong>imus</strong></span> <span class='ocrx_word' id='word_1_147' title='bbox 220 2233 251 2294; x_wconf 88' lang='lat' dir='ltr'><strong>in</strong></span> <span class='ocrx_word' id='word_1_148' title='bbox 273 2233 425 2294; x_wconf 79' lang='lat' dir='ltr'><strong>adversos:</strong></span> <span class='ocrx_word' id='word_1_149' title='bbox 444 2232 516 2312; x_wconf 77' lang='lat' dir='ltr'><strong>quId</strong></span> <span class='ocrx_word' id='word_1_150' title='bbox 538 2233 653 2294; x_wconf 72' lang='lat' dir='ltr'><strong>cessas?</strong></span> <span class='ocrx_word' id='word_1_151' title='bbox 675 2250 712 2293; x_wconf 93' lang='lat' dir='ltr'><strong>an</strong></span> <span class='ocrx_word' id='word_1_152' title='bbox 734 2233 787 2293; x_wconf 91' lang='lat' dir='ltr'><strong>tibi</strong></span> <span class='ocrx_word' id='word_1_153' title='bbox 809 2233 922 2293; x_wconf 84' lang='lat' dir='ltr'><strong>Mavors</strong></span> 
     </span>
     <span class='ocr_line' id='line_1_25' title="bbox 126 2315 1139 2397; baseline -0.002 -21"><span class='ocrx_word' id='word_1_154' title='bbox 126 2323 245 2378; x_wconf 85' lang='lat' dir='ltr'><strong>ventosa</strong></span> <span class='ocrx_word' id='word_1_155' title='bbox 266 2318 297 2378; x_wconf 92' lang='lat' dir='ltr'><strong>in</strong></span> <span class='ocrx_word' id='word_1_156' title='bbox 315 2315 415 2394; x_wconf 85' lang='lat' dir='ltr'><strong>lingua</strong></span> <span class='ocrx_word' id='word_1_157' title='bbox 434 2316 617 2397; x_wconf 84' lang='lat' dir='ltr'><strong>pedibusque</strong></span> <span class='ocrx_word' id='word_1_158' title='bbox 635 2317 789 2394; x_wconf 75' lang='lat' dir='ltr'><strong>fugacibus</strong></span> <span class='ocrx_word' id='word_1_159' title='bbox 807 2319 869 2379; x_wconf 91' lang='lat' dir='ltr'><strong>lstis</strong></span> <span class='ocrx_word' id='word_1_160' title='bbox 1084 2322 1139 2375; x_wconf 72' lang='lat'><strong>890</strong></span> 
     </span>
     <span class='ocr_line' id='line_1_26' title="bbox 124 2401 336 2480; baseline -0.005 -19"><span class='ocrx_word' id='word_1_161' title='bbox 124 2418 242 2480; x_wconf 78' lang='lat' dir='ltr'><strong>semper</strong></span> <span class='ocrx_word' id='word_1_162' title='bbox 264 2401 336 2462; x_wconf 76' lang='lat' dir='ltr'><strong>erit?</strong></span> 
     </span>
     <span class='ocr_line' id='line_1_27' title="bbox 124 2482 1035 2567; baseline -0.003 -21"><span class='ocrx_word' id='word_1_163' title='bbox 124 2484 226 2565; x_wconf 90' lang='lat' dir='ltr'><strong>pulsus</strong></span> <span class='ocrx_word' id='word_1_164' title='bbox 245 2485 318 2564; x_wconf 79' lang='lat' dir='ltr'><strong>egoi</strong></span> <span class='ocrx_word' id='word_1_165' title='bbox 337 2492 387 2545; x_wconf 84' lang='lat' dir='ltr'><strong>aut</strong></span> <span class='ocrx_word' id='word_1_166' title='bbox 409 2485 564 2567; x_wconf 85' lang='lat' dir='ltr'><strong>quisquam</strong></span> <span class='ocrx_word' id='word_1_167' title='bbox 584 2488 699 2556; x_wconf 89' lang='lat' dir='ltr'><strong>merito,</strong></span> <span class='ocrx_word' id='word_1_168' title='bbox 720 2485 895 2553; x_wconf 81' lang='lat' dir='ltr'><strong>foedissime,</strong></span> <span class='ocrx_word' id='word_1_169' title='bbox 918 2482 1035 2563; x_wconf 88' lang='lat' dir='ltr'><strong>pulsum</strong></span> 
     </span>
     <span class='ocr_line' id='line_1_28' title="bbox 124 2560 904 2648; baseline -0.004 -18"><span class='ocrx_word' id='word_1_170' title='bbox 124 2576 236 2647; x_wconf 84' lang='lat' dir='ltr'><strong>arguet,</strong></span> <span class='ocrx_word' id='word_1_171' title='bbox 259 2568 348 2630; x_wconf 81' lang='lat' dir='ltr'><strong>iliaco</strong></span> <span class='ocrx_word' id='word_1_172' title='bbox 365 2560 511 2631; x_wconf 82' lang='lat' dir='ltr'><strong>tumidum</strong></span> <span class='ocrx_word' id='word_1_173' title='bbox 534 2571 584 2648; x_wconf 93' lang='lat' dir='ltr'><strong>qui</strong></span> <span class='ocrx_word' id='word_1_174' title='bbox 606 2588 742 2632; x_wconf 89' lang='lat' dir='ltr'><strong>crescere</strong></span> <span class='ocrx_word' id='word_1_175' title='bbox 763 2569 904 2648; x_wconf 73' lang='lat' dir='ltr'><strong>Thybrim</strong></span> 
     </span>
     <span class='ocr_line' id='line_1_29' title="bbox 124 2650 913 2733; baseline -0.005 -19"><span class='ocrx_word' id='word_1_176' title='bbox 124 2653 266 2730; x_wconf 86' lang='lat' dir='ltr'><strong>sanguine</strong></span> <span class='ocrx_word' id='word_1_177' title='bbox 288 2660 318 2715; x_wconf 92' lang='lat' dir='ltr'><strong>et</strong></span> <span class='ocrx_word' id='word_1_178' title='bbox 338 2653 469 2715; x_wconf 83' lang='lat' dir='ltr'><strong>Euandri</strong></span> <span class='ocrx_word' id='word_1_179' title='bbox 491 2661 583 2716; x_wconf 88' lang='lat' dir='ltr'><strong>totam</strong></span> <span class='ocrx_word' id='word_1_180' title='bbox 602 2673 670 2715; x_wconf 91' lang='lat' dir='ltr'><strong>cum</strong></span> <span class='ocrx_word' id='word_1_181' title='bbox 693 2655 784 2733; x_wconf 88' lang='lat' dir='ltr'><strong>stirpe</strong></span> <span class='ocrx_word' id='word_1_182' title='bbox 805 2650 913 2723; x_wconf 82' lang='lat' dir='ltr'><strong>videbit</strong></span> 
     </span>
     <span class='ocr_line' id='line_1_30' title="bbox 123 2735 1141 2816; baseline -0.006 -18"><span class='ocrx_word' id='word_1_183' title='bbox 123 2735 317 2816; x_wconf 86' lang='lat' dir='ltr'><strong>procubuisse</strong></span> <span class='ocrx_word' id='word_1_184' title='bbox 336 2736 456 2798; x_wconf 92' lang='lat' dir='ltr'><strong>domum</strong></span> <span class='ocrx_word' id='word_1_185' title='bbox 478 2746 566 2815; x_wconf 83' lang='lat' dir='ltr'><strong>atque</strong></span> <span class='ocrx_word' id='word_1_186' title='bbox 588 2747 691 2799; x_wconf 86' lang='lat' dir='ltr'><strong>exutos</strong></span> <span class='ocrx_word' id='word_1_187' title='bbox 712 2737 840 2798; x_wconf 74' lang='lat' dir='ltr'><strong>Arcadas</strong></span> <span class='ocrx_word' id='word_1_188' title='bbox 859 2735 967 2796; x_wconf 80' lang='lat' dir='ltr'><strong>annisi</strong></span> <span class='ocrx_word' id='word_1_189' title='bbox 1083 2740 1141 2794; x_wconf 72' lang='lat' dir='ltr'><strong>ntis.</strong></span> 
     </span>
     <span class='ocr_line' id='line_1_31' title="bbox 125 2820 919 2898; baseline 0 -19"><span class='ocrx_word' id='word_1_190' title='bbox 125 2821 196 2880; x_wconf 91' lang='lat' dir='ltr'><strong>baut</strong></span> <span class='ocrx_word' id='word_1_191' title='bbox 216 2822 255 2880; x_wconf 79' lang='lat' dir='ltr'><strong>ita</strong></span> <span class='ocrx_word' id='word_1_192' title='bbox 278 2838 326 2881; x_wconf 89' lang='lat' dir='ltr'><strong>me</strong></span> <span class='ocrx_word' id='word_1_193' title='bbox 348 2822 462 2898; x_wconf 82' lang='lat' dir='ltr'><strong>experti</strong></span> <span class='ocrx_word' id='word_1_194' title='bbox 479 2820 568 2882; x_wconf 89' lang='lat' dir='ltr'><strong>Bitias</strong></span> <span class='ocrx_word' id='word_1_195' title='bbox 591 2830 620 2881; x_wconf 88' lang='lat' dir='ltr'><strong>et</strong></span> <span class='ocrx_word' id='word_1_196' title='bbox 641 2821 793 2882; x_wconf 88' lang='lat' dir='ltr'><strong>Pandarus</strong></span> <span class='ocrx_word' id='word_1_197' title='bbox 816 2821 919 2898; x_wconf 90' lang='lat' dir='ltr'><strong>ingens</strong></span> 
     </span>
     <span class='ocr_line' id='line_1_32' title="bbox 124 2902 849 2982; baseline -0.001 -18"><span class='ocrx_word' id='word_1_198' title='bbox 124 2912 153 2964; x_wconf 87' lang='lat' dir='ltr'><strong>et</strong></span> <span class='ocrx_word' id='word_1_199' title='bbox 174 2920 248 2982; x_wconf 90' lang='lat' dir='ltr'><strong>quos</strong></span> <span class='ocrx_word' id='word_1_200' title='bbox 270 2902 349 2964; x_wconf 89' lang='lat' dir='ltr'><strong>mille</strong></span> <span class='ocrx_word' id='word_1_201' title='bbox 371 2905 419 2963; x_wconf 87' lang='lat' dir='ltr'><strong>die</strong></span> <span class='ocrx_word' id='word_1_202' title='bbox 439 2904 532 2964; x_wconf 88' lang='lat' dir='ltr'><strong>rictor</strong></span> <span class='ocrx_word' id='word_1_203' title='bbox 552 2903 607 2966; x_wconf 90' lang='lat' dir='ltr'><strong>sub</strong></span> <span class='ocrx_word' id='word_1_204' title='bbox 630 2904 752 2965; x_wconf 88' lang='lat' dir='ltr'><strong>Tartara</strong></span> <span class='ocrx_word' id='word_1_205' title='bbox 774 2904 849 2970; x_wconf 90' lang='lat' dir='ltr'><strong>misi,</strong></span> 
     </span>
     <span class='ocr_line' id='line_1_33' title="bbox 123 2985 827 3065; baseline 0.001 -18"><span class='ocrx_word' id='word_1_206' title='bbox 123 2985 254 3047; x_wconf 87' lang='lat' dir='ltr'><strong>inclusus</strong></span> <span class='ocrx_word' id='word_1_207' title='bbox 276 2986 368 3046; x_wconf 92' lang='lat' dir='ltr'><strong>muris</strong></span> <span class='ocrx_word' id='word_1_208' title='bbox 391 2985 548 3063; x_wconf 86' lang='lat' dir='ltr'><strong>hostilique</strong></span> <span class='ocrx_word' id='word_1_209' title='bbox 572 3005 680 3064; x_wconf 81' lang='lat' dir='ltr'><strong>aggere</strong></span> <span class='ocrx_word' id='word_1_210' title='bbox 700 2995 827 3065; x_wconf 89' lang='lat' dir='ltr'><strong>saeptus.</strong></span> 
     </span>
     <span class='ocr_line' id='line_1_34' title="bbox 125 3067 921 3147; baseline -0.001 -17"><span class='ocrx_word' id='word_1_211' title='bbox 125 3069 229 3132; x_wconf 82' lang='lat' dir='ltr'><strong>“nulla</strong></span> <span class='ocrx_word' id='word_1_212' title='bbox 250 3067 333 3131; x_wconf 82' lang='lat' dir='ltr'><strong>salus</strong></span> <span class='ocrx_word' id='word_1_213' title='bbox 354 3067 462 3129; x_wconf 86' lang='lat' dir='ltr'><strong>bello.&#39;‘</strong></span> <span class='ocrx_word' id='word_1_214' title='bbox 494 3070 581 3147; x_wconf 87' lang='lat' dir='ltr'><strong>capiti</strong></span> <span class='ocrx_word' id='word_1_215' title='bbox 600 3087 672 3131; x_wconf 92' lang='lat' dir='ltr'><strong>cane</strong></span> <span class='ocrx_word' id='word_1_216' title='bbox 694 3069 770 3139; x_wconf 82' lang='lat' dir='ltr'><strong>talia,</strong></span> <span class='ocrx_word' id='word_1_217' title='bbox 791 3071 921 3140; x_wconf 86' lang='lat' dir='ltr'><strong>demens,</strong></span> 
     </span>
     <span class='ocr_line' id='line_1_35' title="bbox 123 3153 1138 3233; baseline -0.004 -17"><span class='ocrx_word' id='word_1_218' title='bbox 123 3153 270 3216; x_wconf 84' lang='lat' dir='ltr'><strong>Dardanio</strong></span> <span class='ocrx_word' id='word_1_219' title='bbox 293 3153 442 3233; x_wconf 89' lang='lat' dir='ltr'><strong>rebusque</strong></span> <span class='ocrx_word' id='word_1_220' title='bbox 465 3153 530 3215; x_wconf 87' lang='lat' dir='ltr'><strong>tuis.</strong></span> <span class='ocrx_word' id='word_1_221' title='bbox 567 3153 692 3232; x_wconf 89' lang='lat' dir='ltr'><strong>proinde</strong></span> <span class='ocrx_word' id='word_1_222' title='bbox 714 3155 811 3214; x_wconf 87' lang='lat' dir='ltr'><strong>omnia</strong></span> <span class='ocrx_word' id='word_1_223' title='bbox 834 3171 940 3232; x_wconf 92' lang='lat' dir='ltr'><strong>magno</strong></span> <span class='ocrx_word' id='word_1_224' title='bbox 1083 3159 1138 3212; x_wconf 76' lang='lat'><strong>⁴00</strong></span> 
     </span>
     <span class='ocr_line' id='line_1_36' title="bbox 124 3235 882 3315; baseline -0.001 -17"><span class='ocrx_word' id='word_1_225' title='bbox 124 3255 162 3299; x_wconf 88' lang='lat' dir='ltr'><strong>ne</strong></span> <span class='ocrx_word' id='word_1_226' title='bbox 185 3256 267 3300; x_wconf 89' lang='lat' dir='ltr'><strong>cessa</strong></span> <span class='ocrx_word' id='word_1_227' title='bbox 288 3238 410 3299; x_wconf 88' lang='lat' dir='ltr'><strong>turbare</strong></span> <span class='ocrx_word' id='word_1_228' title='bbox 434 3245 622 3315; x_wconf 83' lang='lat' dir='ltr'><strong>metuatque</strong></span> <span class='ocrx_word' id='word_1_229' title='bbox 644 3235 784 3298; x_wconf 81' lang='lat' dir='ltr'><strong>extollere</strong></span> <span class='ocrx_word' id='word_1_230' title='bbox 804 3240 882 3299; x_wconf 81' lang='lat' dir='ltr'><strong>vires</strong></span> 
     </span>
     <span class='ocr_line' id='line_1_37' title="bbox 122 3321 1043 3401; baseline -0.002 -18"><span class='ocrx_word' id='word_1_231' title='bbox 122 3323 217 3398; x_wconf 87' lang='lat' dir='ltr'><strong>gentis</strong></span> <span class='ocrx_word' id='word_1_232' title='bbox 238 3321 284 3384; x_wconf 88' lang='lat' dir='ltr'><strong>bis</strong></span> <span class='ocrx_word' id='word_1_233' title='bbox 303 3323 405 3391; x_wconf 78' lang='lat' dir='ltr'><strong>vietae,</strong></span> <span class='ocrx_word' id='word_1_234' title='bbox 428 3328 531 3383; x_wconf 82' lang='lat' dir='ltr'><strong>contra</strong></span> <span class='ocrx_word' id='word_1_235' title='bbox 551 3339 687 3401; x_wconf 90' lang='lat' dir='ltr'><strong>premere</strong></span> <span class='ocrx_word' id='word_1_236' title='bbox 716 3339 796 3382; x_wconf 90' lang='lat' dir='ltr'><strong>arma</strong></span> <span class='ocrx_word' id='word_1_237' title='bbox 818 3322 920 3382; x_wconf 90' lang='lat' dir='ltr'><strong>Latini.</strong></span> <span class='ocrx_word' id='word_1_238' title='bbox 1038 3374 1043 3392; x_wconf 86' lang='grc'>,</span> 
     </span>
     <span class='ocr_line' id='line_1_38' title="bbox 124 3405 1124 3486; baseline -0.001 -21"><span class='ocrx_word' id='word_1_239' title='bbox 124 3422 202 3466; x_wconf 91' lang='lat' dir='ltr'><strong>nunc</strong></span> <span class='ocrx_word' id='word_1_240' title='bbox 225 3413 254 3466; x_wconf 91' lang='lat' dir='ltr'><strong>et</strong></span> <span class='ocrx_word' id='word_1_241' title='bbox 275 3405 491 3485; x_wconf 71' lang='lat' dir='ltr'><strong>Myrmidonum</strong></span> <span class='ocrx_word' id='word_1_242' title='bbox 512 3424 652 3486; x_wconf 90' lang='lat' dir='ltr'><strong>proceres</strong></span> <span class='ocrx_word' id='word_1_243' title='bbox 683 3407 808 3486; x_wconf 77' lang='lat' dir='ltr'><strong>Phrygia</strong></span> <span class='ocrx_word' id='word_1_244' title='bbox 829 3424 910 3466; x_wconf 82' lang='lat' dir='ltr'><strong>arun</strong></span> <span class='ocrx_word' id='word_1_245' title='bbox 930 3412 1124 3478; x_wconf 80' lang='lat' dir='ltr'><strong>tremescunt,</strong></span> 
     </span>
     <span class='ocr_line' id='line_1_39' title="bbox 124 3488 773 3568; baseline 0.012 -20"><span class='ocrx_word' id='word_1_246' title='bbox 124 3506 201 3550; x_wconf 92' lang='lat' dir='ltr'><strong>nunc</strong></span> <span class='ocrx_word' id='word_1_247' title='bbox 223 3497 252 3551; x_wconf 91' lang='lat' dir='ltr'><strong>et</strong></span> <span class='ocrx_word' id='word_1_248' title='bbox 269 3488 394 3568; x_wconf 74' lang='lat' dir='ltr'><strong>Tydides</strong></span> <span class='ocrx_word' id='word_1_249' title='bbox 413 3498 442 3551; x_wconf 91' lang='lat' dir='ltr'><strong>et</strong></span> <span class='ocrx_word' id='word_1_250' title='bbox 464 3490 618 3552; x_wconf 86' lang='lat' dir='ltr'><strong>Larisaeus</strong></span> <span class='ocrx_word' id='word_1_251' title='bbox 635 3489 773 3555; x_wconf 78' lang='lat' dir='ltr'><strong>Achilles.</strong></span> 
     </span>
    </p>
   </div>
   <div class='ocr_carea' id='block_1_3' title="bbox 0 0 1204 3878">
    <p class='ocr_par' dir='ltr' id='par_1_3' title="bbox 0 0 1204 3878">
     <span class='ocr_line' id='line_1_40' title="bbox 0 0 1204 3878; baseline 0 0"><span class='ocrx_word' id='word_1_252' title='bbox 0 0 1204 3878; x_wconf 95' lang='lat' dir='ltr'><strong> </strong></span> 
     </span>
    </p>
   </div>
  </div>
 </body>
</html>
