2400 3878
383 187 525 236 vulsum
547 186 671 236 aunum
694 188 729 234 VI

55 345 127 403 haec
148 341 199 402 ubi
220 359 273 401 nos
296 347 451 420 praecepta
473 340 574 401 iubent
595 340 743 418 deponere
765 339 866 411 dona!

55 426 167 486 dixerat
189 433 217 484 et
237 427 346 503 pariter
366 424 457 503 gressi
474 442 528 502 per
549 442 639 503 opaca
660 426 772 485 viarum

56 510 218 585 corripiunt
240 510 365 586 spatium
387 507 514 568 medium
534 508 704 587 foribusque
722 509 928 586 propinquant.
1109 553 1110 556 η

56 600 178 670 occupat
198 593 310 652 Aeneas
332 591 440 671 aditum
463 609 627 670 corpusque
649 592 760 652 recenti
1015 602 1066 656 635

57 677 168 754 spargit
187 693 262 753 aqua
282 693 454 754 ramumque
475 675 596 735 adverso
619 676 648 735 in
668 674 767 735 limine
785 674 855 750 figit.

99 759 149 818 llis
172 759 289 819 demum
311 759 441 832 exactis,
455 757 587 837 perlecto
609 776 732 819 munere
752 758 849 828 divae,

58 842 202 903 devenere
220 841 301 902 locos
322 841 413 903 laetos
432 850 461 903 et
481 859 602 901 amoena
621 843 730 902 virecta

59 925 271 986 fortunatorum
291 926 447 987 nemorum
466 925 607 1003 sedesque
628 924 737 985 beatas.

57 1008 165 1085 largior
186 1009 234 1069 hic
256 1026 375 1086 campos
392 1009 496 1070 'aether
519 1016 547 1068 et
566 1005 675 1068 lumine
696 1009 779 1069 vestit

58 1110 221 1171 purpureo,
241 1091 391 1170 solemque
412 1088 512 1164 suum,
534 1110 586 1152 sua
601 1092 697 1152 sidera
717 1099 835 1152 norunt.

59 1194 127 1254 pars
146 1177 176 1236 in
196 1178 351 1254 gramineis
370 1184 508 1237 exercent
527 1174 659 1236 membra
680 1174 846 1255 palaestris,

59 1260 239 1320 contendunt
259 1259 328 1320 ludo
353 1266 380 1320 et
399 1259 474 1320 iulva
496 1259 643 1320 luctantur
665 1259 790 1327 harena,

58 1360 127 1420 pars
149 1342 272 1420 pedihus
291 1341 432 1419 plaudunt
452 1342 573 1404 choreas
595 1350 623 1404 ct
644 1344 773 1404 carmina
793 1342 901 1403 dicunt.

59 1442 191 1485 necnon
212 1425 381 1486 Thraeicius
401 1425 488 1503 longa
509 1443 575 1486 cum
596 1434 675 1498 reste
699 1424 835 1485 sacerdos

59 1508 227 1586 obloquitur
246 1509 376 1568 numeris
397 1515 508 1586 septem
531 1508 696 1581 discrimina
717 1525 837 1577 vocum,

58 1594 174 1670 iamque
196 1591 298 1651 cadem
320 1591 428 1667 digitis,
447 1593 503 1651 iam
526 1592 640 1670 pectine
659 1589 755 1669 pulsat
775 1589 896 1651 eburno.

59 1676 106 1736 hic
127 1691 220 1751 genus
241 1676 369 1734 anticum
388 1674 510 1745 Teucri,
530 1672 725 1752 pulcherrima
748 1672 860 1755 proles,

59 1758 235 1834 magnanimi
254 1758 374 1829 heroes,
393 1759 451 1818 nati
472 1756 641 1819 melioribus
663 1759 761 1827 armis,

60 1842 176 1919 Ilusque
197 1841 413 1920 Assaracusque
433 1849 460 1902 et
481 1842 585 1902 Troiae
601 1841 753 1901 Dardanus
770 1846 881 1900 auctor.

60 1944 140 1986 arma
159 1925 262 2003 procul
285 1943 447 2002 currusque
471 1926 566 1986 virum
587 1926 709 1986 miratur
731 1925 833 1985 inanis.

60 2017 136 2070 stant
157 2019 235 2069 terra
257 2009 367 2070 delixae
383 2010 497 2079 hastae,
519 2011 687 2108 passimque
708 2006 796 2069 soluti

59 2111 112 2172 per
133 2110 268 2171 campum
283 2100 442 2171 pascuntur
462 2094 537 2172 equi.
583 2110 657 2172 quae
681 2091 773 2183 gratia
793 2108 913 2152 currum

61 2194 268 2255 armorumque
290 2176 342 2236 luit
361 2178 445 2248 rivis,
469 2195 542 2256 quae
564 2185 634 2237 cura
650 2172 767 2236 nitentis

60 2278 181 2337 pascere
204 2277 309 2338 equos,
333 2259 434 2322 eadem
456 2262 586 2339 sequitur
604 2259 709 2320 tellure
729 2264 872 2336 repostos

62 2344 202 2420 conspicit
222 2361 291 2403 ecce
313 2343 382 2403 alios
403 2344 504 2404 dextra
525 2343 662 2422 laevaque
682 2360 735 2420 per
757 2340 880 2402 herbam

61 2427 202 2486 vescentis
222 2425 388 2503 laetumque
408 2427 499 2504 choro
517 2444 628 2504 paeana
650 2425 779 2485 canentis

61 2510 137 2569 inter
159 2508 313 2568 odoratum
333 2508 408 2569 lauri
429 2525 547 2578 nemus,
570 2507 648 2568 unde
667 2523 794 2583 superne

62 2591 205 2670 plurimus
225 2591 343 2650 Eridani
364 2608 417 2668 per
439 2590 538 2650 silvam
558 2589 680 2650 volvitur
700 2589 802 2649 amnis.

62 2676 109 2735 hic
131 2691 235 2754 manus
256 2673 293 2733 ob
315 2675 437 2751 patriam
459 2673 616 2752 pugnando
636 2670 755 2733 volnera
771 2671 863 2750 passi,

64 2761 171 2838 quique
191 2756 357 2819 sacerdotes
375 2758 458 2829 casti,
481 2756 551 2817 dum
572 2758 627 2817 vita
649 2754 799 2825 manebat,

64 2845 170 2922 quique
192 2843 232 2921 pii
254 2848 332 2902 vates
353 2849 381 2902 et
400 2840 520 2902 Phoebo
542 2840 628 2919 digna
647 2839 752 2909 locuti,

63 2928 193 2988 iuventas
211 2934 260 2987 aut
280 2927 328 3005 qui
349 2927 435 2987 vitam
459 2923 615 2987 excoluere
638 2941 693 3003 per
715 2924 799 3011 artis,

64 3013 171 3089 quique
193 3013 238 3071 sui
258 3028 404 3072 memores
425 3008 537 3087 aliquos
558 3008 655 3070 iecere
675 2970 830 3068 merendo:

65 3093 200 3154 omnibus
220 3095 265 3155 his
286 3096 367 3156 nivea
388 3095 544 3172 cinguntur
564 3100 697 3170 tempora
719 3092 795 3151 vitta

66 3195 139 3256 quos
161 3177 351 3239 circumfusos
372 3180 414 3239 sic
436 3185 479 3239 est
501 3176 595 3237 adlata
618 3157 768 3253 Sibylla,

65 3262 215 3323 Musaeum
235 3268 301 3322 ante
326 3262 419 3322 omnis
442 3260 578 3359 (medium
595 3276 662 3319 nam
681 3256 805 3352 plurima
826 3255 911 3315 huba

66 3345 144 3407 hunc
167 3344 254 3406 habet
274 3353 359 3424 atque
380 3345 489 3406 umeris
512 3349 657 3406 extantem
677 3339 797 3417 suspicit
818 3337 907 3417 attin:

67 3428 187 3495 dicite,
208 3411 306 3490 lelices
326 3429 438 3490 animae
459 3437 562 3505 tuque,
587 3424 693 3504 optime
716 3429 807 3491 vates,

134 3544 264 3592 κηποι,
283 3543 396 3580 uuam.
831 3517 869 3578 14
