2400 3878
537 209 637 258 enus.
1021 196 1084 267 375

77 381 276 425 marmoreum
298 363 492 424 tremebunda
513 364 619 442 pedem
641 382 729 442 quam
751 363 864 424 rettulit
884 366 970 426 intra.

76 448 125 508 illa
148 457 244 508 autem
267 447 349 526 ‘quid
371 452 429 508 me’
460 450 555 526 inquit
575 449 615 508 ‘io
655 447 815 515 nutricula,
838 449 975 526 torques?

77 532 146 610 quid
170 540 281 592 tantum
305 549 446 611 properas
468 541 585 593 nostros
606 532 721 591 novisse
742 531 875 591 furores?

76 634 136 675 non
159 633 213 693 ego
236 626 375 675 consueto
398 615 570 676 mortalibus
592 634 663 675 uror
685 632 794 684 amore,

76 717 132 759 neo
153 701 226 759 mihi
249 710 384 758 notorum
408 699 567 758 desseetunt
588 699 697 759 lumina
718 698 821 768 voltus,

76 801 131 842 nee
154 785 269 860 genitor
292 783 375 842 cordi
396 791 454 842 est:
477 782 554 842 ultro
577 800 703 861 namque
726 782 840 841 odimus
862 798 973 840 onmes.

77 866 118 926 nil
140 873 218 925 amat
239 867 287 925 irie
310 868 446 936 auimuS,
461 868 575 937 nutrix,
599 866 677 945 quod
699 874 816 945 oportet
837 866 938 935 amari,

77 949 134 1018 nil,
158 968 215 1028 quo
239 949 310 1008 falsa
333 959 430 1009 tamen
453 949 542 1010 lateat
563 951 680 1028 pietatis
701 951 814 1026 imago;

77 1033 128 1092 sed
150 1033 245 1093 media
269 1052 303 1093 ex
326 1035 389 1092 aoie
411 1035 574 1112 mediisque
596 1052 632 1093 ex
654 1033 787 1094 hostibus
809 1033 867 1092 heu
889 1033 955 1101 heu,

77 1116 146 1194 quid
170 1117 264 1176 dicam
287 1136 380 1195 quove
403 1136 471 1178 ausa
494 1118 602 1178 malum
625 1118 682 1177 hoe
704 1116 840 1178 exordiar
862 1116 933 1176 orei

77 1202 171 1261 diuam
195 1201 345 1278 equidem,
369 1204 566 1281 quoniamque
588 1201 642 1261 tibi
664 1219 724 1261 non
746 1202 861 1270 dicere,
885 1200 993 1268 nutrix,

76 1301 136 1343 non
158 1284 243 1352 sinis,
267 1292 431 1344 extremum
454 1286 510 1345 hoe
532 1303 639 1345 munus
660 1286 813 1345 morientis
835 1283 951 1343 habeto.

76 1365 125 1424 ille
149 1365 264 1443 (vides),
288 1370 396 1426 nostris
418 1371 469 1445 qui
490 1368 644 1427 moenibus
666 1368 779 1428 adsidet
800 1368 900 1434 hostis,
986 1390 989 1397 ’

76 1467 164 1527 quem
185 1459 270 1527 pater
291 1451 354 1526 ipse
376 1448 463 1509 deum
485 1453 596 1527 sceptri
618 1452 735 1510 donavit
757 1451 877 1518 honore,

77 1535 123 1592 oui
144 1550 251 1610 parcae
273 1532 405 1593 tribuere
427 1550 482 1592 nee
503 1532 563 1593 ullo
587 1532 706 1593 volnere
727 1532 805 1592 laedi

78 1616 244 1694 (dicendum
267 1625 325 1684 est,
349 1615 457 1675 frustra
480 1617 684 1676 circumvallor
706 1618 803 1676 omnia
826 1613 941 1693 verbis),

75 1699 125 1758 itte
147 1718 227 1768 mea,
250 1699 299 1758 ille
321 1699 399 1760 idem
422 1709 572 1779 oppugnat
593 1700 766 1778 praecordia
787 1699 891 1759 Minos.

77 1783 153 1861 quod
175 1802 230 1861 per
252 1793 280 1842 te
303 1784 399 1843 divum
423 1784 544 1844 crebros
565 1792 707 1844 testamur
730 1800 845 1843 amores

75 1886 188 1946 perque
210 1876 292 1927 tuum
315 1870 440 1928 memori
461 1876 594 1928 sanetum
617 1868 689 1927 mihi
710 1875 814 1946 peetus
836 1865 980 1933 aiunmae,

76 1959 109 2011 ut
130 1969 178 2010 me
200 1952 225 2010 si
247 1970 365 2011 servare
387 1964 470 2031 potes
492 1971 529 2012 ne
550 1952 676 2031 perdere
698 1950 797 2020 malis;

76 2037 121 2094 siu
145 2042 241 2095 autem
265 2043 381 2115 optatae
403 2055 469 2116 spes
493 2045 537 2096 est
558 2038 649 2096 ineisa
672 2036 781 2105 salutis,

75 2136 113 2180 ne
136 2119 208 2178 mihi
231 2138 318 2198 quam
341 2123 436 2180 merui
458 2122 603 2191 inrideas,
627 2119 787 2190 nutricula,
810 2127 946 2179 mertem.

76 2221 144 2262 nam
167 2203 223 2262 nisi
245 2212 274 2263 te
296 2203 381 2264 nobis
403 2203 510 2274 malus,
535 2225 552 2264 o
574 2204 682 2274 malus,
707 2205 816 2282 optima
839 2203 952 2270 Carme,

76 2293 144 2345 ante
166 2284 245 2344 huno
268 2296 457 2365 conspectum
481 2306 600 2347 casusve
623 2288 730 2347 deusve
752 2285 874 2354 tulisset,

77 2376 126 2427 aut
148 2368 227 2426 terro
249 2369 318 2427 hoe'
343 2369 447 2446 (aperit
465 2371 577 2429 ferrum
600 2369 678 2448 quod
700 2377 779 2428 veste
801 2366 920 2441 latebat)

81 2457 277 2528 ‘purpureum
299 2455 390 2528 patris
414 2453 607 2528 dempsissent
629 2454 738 2510 vertice
762 2453 875 2509 crinem

77 2543 127 2592 aut
147 2533 221 2591 mihi
242 2536 390 2611 praesenti
412 2537 594 2612 peperissem
615 2533 735 2593 volnere
756 2533 870 2591 letnm'.

120 2615 171 2674 Vix
195 2617 267 2676 haee
290 2617 435 2686 ediderat,
460 2636 527 2676 eum
550 2616 795 2685 clade,exterr·ita
817 2616 894 2674 tristi

76 2702 209 2759 intonsos
231 2699 322 2759 multe
346 2700 482 2778 deturpat
504 2700 623 2778 pulvere
647 2701 744 2759 crines

77 2792 106 2842 et
128 2784 255 2860 granter
276 2793 381 2862 questu
404 2784 508 2845 Carme
531 2782 693 2862 complorat
715 2782 797 2841 anili:

78 2871 108 2925 ‘e
131 2867 203 2925 mihi
225 2885 304 2927 nune
325 2869 432 2927 iterum
456 2867 583 2928 erudelis
605 2865 720 2926 reddite
741 2867 844 2936 Minos,

78 2970 95 3009 o
118 2953 226 3011 iterum
248 2960 366 3011 nostrae
388 2953 482 3012 Minos
503 2953 623 3011 inimice
645 2960 790 3020 senectae,

78 3053 195 3112 semper
217 3042 250 3095 ut
271 3045 321 3095 aut
344 3036 413 3096 olim
436 3045 521 3096 natae
544 3044 572 3096 te
594 3044 716 3114 propter
739 3033 864 3096 eundem

79 3125 127 3176 aut
149 3135 232 3176 amor
252 3121 372 3180 insanae
394 3120 504 3180 luctum
526 3129 658 3200 portaret
680 3119 827 3180 alumnae!

78 3209 146 3259 tene
168 3217 222 3276 ego
245 3208 304 3262 tam
326 3202 413 3282 lenge
436 3213 519 3283 capta
542 3213 628 3283 atque
650 3214 749 3262 avecta
771 3201 896 3279 nequiui,

79 3290 138 3341 tam
161 3301 248 3359 grave
271 3289 434 3357 servitium,
458 3296 518 3348 tam
541 3288 630 3347 duros
652 3303 736 3362 passa
759 3284 883 3353 labores,

80 3367 221 3443 ess'ugere,
245 3377 278 3427 ut
298 3371 398 3428 sistam
421 3373 541 3431 exitium
563 3368 682 3430 crudele
704 3369 856 3429 meorum?

79 3452 136 3509 iam
159 3453 216 3510 iam
239 3470 294 3512 nee
316 3452 401 3512 nobis
423 3471 515 3533 aequo
538 3452 703 3514 senioribus
725 3451 817 3513 ullum
