2454 3936
149 198 213 262 232
475 208 616 258 vanam
640 210 764 260 sauma
782 212 829 260 vu

149 383 225 445 quae
244 366 307 427 iors
328 368 422 444 prima
444 365 523 426 dedit
542 365 660 441 sanguis
681 383 772 425 novos
792 365 897 427 imbuit
919 387 1007 429 arma.

150 447 219 510 talia
240 450 376 528 coniugia
398 457 426 511 ct
445 447 510 509 talis
532 446 682 509 celebrent
702 447 880 527 hymenaeos

150 533 302 611 egregium
324 531 443 594 Veneris
464 548 557 609 genus
579 538 608 592 et
628 549 682 592 rex
702 532 766 608 ipse
788 531 915 593 Latinus.

151 634 179 676 te
200 634 289 695 super
312 615 455 678 aetherias
477 632 577 676 errare
597 613 730 675 licentius
752 632 839 675 auras

149 699 220 762 haut
241 707 324 777 pater
347 698 395 760 iiie
416 697 491 768 velit,
512 698 619 758 summi
640 706 779 773 regnator
802 697 933 778 Olympi:

150 782 222 844 cede
240 783 325 852 iocis:
349 800 413 861 ego,
435 782 517 861 siqua
538 798 627 858 super
649 781 765 842 iortuna
784 781 920 843 laborum
942 792 993 853 est,

149 867 212 943 ipsa
233 867 353 944 regam!
387 863 452 926 talis
474 864 595 926 dederat
615 864 750 925 Saturnia
770 884 865 926 voces.

149 948 198 1009 ilia
219 957 316 1011 autem
338 947 441 1009 attoiiit
459 947 607 1009 stridentis
624 947 767 1025 anguibus
787 948 846 1009 aias

150 1031 307 1111 Cocytique
329 1033 401 1111 petit
420 1031 529 1111 sedem,
552 1048 642 1108 super
664 1031 755 1109 ardua
775 1031 917 1111 linquens.

149 1122 194 1175 est
214 1115 296 1175 iocus
315 1114 414 1176 italiae
437 1114 533 1175 medio
556 1114 610 1174 sub
632 1115 778 1176 montibus
801 1116 873 1185 aitis,

149 1197 254 1259 nobilis
276 1205 305 1259 ot
327 1198 403 1259 lama
424 1196 522 1258 multis
543 1205 721 1260 memoratus
742 1200 772 1258 in
796 1200 864 1268 oris,

149 1283 311 1359 ampsancti
332 1279 435 1343 valles:
459 1280 556 1342 densis
575 1281 654 1343 hunc
675 1281 830 1344 frondibus
851 1290 947 1343 atrum

149 1373 256 1443 urguet
276 1366 423 1444 utrimque
444 1363 519 1426 latus
537 1365 675 1436 nemoris,
698 1367 853 1446 medioque
874 1366 1009 1444 lragosus

150 1449 199 1510 dat
222 1450 351 1510 sonitum
368 1450 445 1509 saxis
465 1456 494 1510 et
514 1454 592 1508 torto
611 1449 720 1511 vertice
738 1459 864 1512 torrens.
963 1443 967 1458 ’

148 1532 196 1593 hic
218 1551 323 1611 specus
345 1532 527 1594 horrendum
547 1539 576 1593 et
596 1534 674 1594 saevi
696 1530 841 1612 spiracula
864 1533 936 1594 Ditis

149 1624 359 1687 monstrantur,
378 1622 527 1694 ruptoque
549 1616 652 1695 ingens
673 1617 840 1678 Acheronte
860 1634 969 1695 vorago

148 1700 301 1776 pestiferas
322 1700 416 1777 aperit
438 1699 547 1769 iauces,
573 1701 637 1777 quis
660 1700 775 1760 condita
798 1700 904 1779 erinys,
983 1776 987 1780 g

148 1783 272 1842 invisum
293 1799 412 1852 numen,
434 1791 528 1842 terras
550 1781 721 1861 caelumque
737 1783 860 1844 levabat.
909 1855 912 1859 .

191 1864 252 1925 Nec
269 1866 365 1925 minus
386 1866 498 1925 interea
521 1872 684 1926 extremam
707 1866 843 1926 Saturnia
862 1817 938 1925 idtio

150 1948 272 2026 imponit
293 1949 395 2023 regina
412 1964 542 2007 manum.
573 1949 633 2008 ruit
656 1948 749 2007 omnis
769 1950 799 2008 in
820 1948 925 2009 urbem

148 2039 299 2110 pastorum
322 2048 358 2089 ex
381 2032 442 2091 acie
464 2047 606 2091 numerus
628 2048 787 2109 caesosque
808 2037 962 2110 reportant

148 2115 300 2175 himonem
318 2131 444 2192 puerum
466 2113 632 2192 foedatique
653 2132 705 2174 ora
727 2113 840 2174 Galaesi

149 2196 365 2276 implorantque
385 2196 456 2258 deos
478 2196 718 2275 obtestanturque
742 2196 886 2257 Latinum.

148 2278 267 2342 Turnus
286 2280 367 2341 adest
388 2281 545 2359 medioque
567 2282 596 2340 in
619 2281 740 2341 crimine
762 2281 858 2342 caedis
881 2288 909 2341 et
929 2282 990 2360 igni

148 2371 293 2426 terrorem
311 2365 485 2441 ingeminat:
506 2363 636 2426 Teucros
656 2366 687 2425 in
704 2382 796 2444 regna
817 2366 925 2436 vocari,

149 2449 270 2526 stirpem
291 2447 445 2508 admisceri
467 2446 632 2527 Phrygiam,
654 2467 685 2509 se
707 2448 807 2510 limine
823 2447 901 2527 poili.

149 2539 212 2592 tum
234 2548 360 2609 quorum
382 2533 520 2592 attonitae
540 2530 656 2592 baccho
679 2550 801 2593 nemora
825 2532 885 2593 avia
908 2540 1016 2593 matres

148 2614 287 2676 insultant
311 2614 412 2675 thiasis
435 2614 540 2694 (neque
563 2616 640 2675 enim
659 2614 725 2677 love
745 2633 854 2677 nomen
876 2616 1014 2693 Amatae).

150 2699 279 2777 undique
298 2697 413 2758 collecti
434 2705 541 2759 coeunt
562 2698 745 2778 Martemque
766 2699 896 2778 iatigant.

149 2780 225 2842 ilicet
247 2781 399 2841 infandum
421 2783 518 2842 cuncti
541 2788 641 2841 contra
664 2784 761 2842 omina
780 2782 901 2850 beilum,

149 2870 251 2924 contra
273 2864 330 2924 iata
352 2864 439 2923 deum
460 2881 600 2941 perverso
620 2865 739 2926 numine
761 2873 894 2943 poscunt.

149 2947 283 3007 certatim
303 2946 381 3023 regis
403 2947 592 3005 circumstant
613 2954 689 3006 tecta
709 2947 812 3010 Latini.

148 3028 196 3090 iiie
218 3029 297 3089 velut
318 3027 413 3106 pelagi
433 3046 524 3106 rupes
546 3030 666 3090 hnmota
687 3031 805 3099 resistit,

149 3120 181 3173 ut
203 3112 298 3190 pelagi
320 3128 410 3190 rupes
429 3127 535 3188 magno
555 3112 689 3174 veniente
711 3115 837 3197 fragore,

149 3214 224 3274 quae
243 3213 309 3257 sese
328 3194 426 3256 multis
447 3197 558 3257 circum
580 3195 753 3257 latrantibus
775 3197 861 3257 undis

148 3280 226 3340 mole
246 3287 341 3348 tenet;
364 3279 476 3358 scopuli
494 3281 671 3358 nequiquam
693 3287 721 3341 'et
742 3298 862 3358 spumea
885 3282 996 3342 circum

198 3382 218 3423 ,a
239 3363 368 3424 iremunt
389 3362 532 3442 latorique
553 3362 636 3424 inhsa
659 3366 825 3427 refunditur
847 3364 922 3443 aiga.

150 3463 154 3472 ·
194 3463 251 3507 um
273 3446 324 3508 ubi
340 3446 424 3508 'nulia
447 3447 531 3507 datur
553 3466 673 3510 caecum
696 3467 874 3528 exsuperare
896 3456 1027 3530 potestas
