2400 3878
141 182 201 243 ³64
460 197 490 242 r.
514 195 656 244 veneni
678 193 831 243 unnorus

141 346 217 406 ebeu
248 343 406 405 mutandus
428 360 589 420 numquam
612 342 709 405 labor!
737 348 855 409 auleror
878 348 953 411 ultra

142 436 172 493 in
195 434 316 503 diversa,
338 434 431 510 magis
453 431 588 492 &mutia
610 432 726 491 nomina
750 448 855 491 cerno:

142 515 286 576 Eridanus
308 516 482 586 tranandus,
506 534 576 593 agor
599 514 710 575 delatus
732 514 769 575 ad
790 513 909 574 undam.

143 599 226 659 obvie
247 599 435 678 Persephone
458 601 578 660 comites
601 598 737 659 heroidas
757 608 863 675 urguet

143 681 278 742 adversas
300 684 434 762 perferre
456 682 543 744 iaces.
566 681 687 742 Alcestis
709 680 746 742 ab
768 683 847 741 omni

142 765 277 826 inviolata
300 775 381 826 vacat
401 783 486 836 cure,
509 764 587 845 quod
608 783 694 826 saeva
715 766 812 824 meriti

143 851 172 908 iu
196 849 399 911 Chalcodoniis
420 849 536 910 Admeti
557 849 616 908 lata
638 856 750 909 morata
773 854 826 907 est.

143 950 225 997 ecce.
248 933 339 992 ltbaci
361 935 488 993 coniunx
509 950 626 1011 semper
648 931 737 992 decus
758 931 890 991 lcariotis

143 1015 301 1075 lemiueum
323 1017 492 1094 incorrupta
515 1015 725 1076 decusmanet
746 1023 775 1074 et
796 1011 898 1093 procul
920 1010 969 1072 illa

143 1097 228 1158 turba
251 1098 334 1159 ieron
354 1101 490 1160 iuvenum
513 1100 578 1159 telis
600 1100 712 1160 confixa
734 1116 902 1178 procorum.

143 1180 227 1259 quid,
251 1182 358 1243 misera
373 1182 531 1261 Eurydice,
555 1190 636 1242 tanto
658 1199 794 1242 maerore
816 1181 931 1249 reeesti,

142 1281 295 1344 poenaque
316 1274 468 1344 respectus
490 1273 519 1326 et
541 1284 619 1326 nunc
640 1273 740 1326 manet
762 1265 897 1344 Orpheos
917 1264 949 1323 in
970 1263 1018 1323 tel

143 1347 237 1409 audax
251 1347 301 1409 ille
323 1349 454 1428 quidem,
478 1351 527 1429 qui
548 1351 649 1410 mitem
671 1349 823 1412 Cerberon
843 1364 982 1426 umquam

144 1431 269 1492 credidit
290 1432 406 1494 autulii
427 1434 501 1493 bitis
521 1432 664 1512 placabile
687 1451 805 1502 numen,

144 1533 198 1576 nec
221 1518 317 1578 timuit
338 1516 550 1596 Phlegethonta
572 1518 718 1578 furentem
741 1514 912 1576 ardentibus
934 1512 1029 1581 undis,

143 1617 199 1662 nec
220 1609 329 1661 maesta
352 1601 470 1662 obtenta
492 1602 564 1662 Ditis
586 1601 737 1679 lerrugine
759 1617 851 1678 regna

144 1683 331 1764 defossasque
354 1685 456 1744 domos
479 1703 513 1746 ac
534 1686 657 1745 Tartara
679 1691 765 1744 nocte
788 1689 909 1743 cruento

144 1766 253 1836 obsita,
278 1786 332 1827 nec
354 1768 456 1828 faciles
478 1769 598 1830 Dictaeo
620 1768 717 1828 iudice
739 1766 833 1836 sedes,

142 1849 254 1918 iudice,
277 1853 328 1929 qui
349 1853 423 1909 uitae
445 1859 512 1928 post
532 1858 658 1910 mortem
680 1849 808 1910 vindicat
829 1856 907 1909 acta:

143 1931 194 1992 sed
216 1933 345 1992 Fortuna
368 1931 466 1993 valens
488 1933 628 1993 audacem
650 1932 762 1992 lecerat
783 1939 860 1992 ante.

142 2018 200 2075 iam
222 2017 317 2095 rapidi
339 2022 481 2075 steterant
502 2033 604 2075 amnes
625 2022 655 2074 et
677 2014 762 2075 turba
784 2014 915 2074 serarum

143 2097 249 2158 blanda
271 2116 341 2159 voce
363 2117 473 2178 sequax
496 2100 647 2176 regionem
668 2097 820 2158 insederat
841 2097 967 2176 Orphei·

143 2183 259 2261 iamque
280 2183 368 2242 imam
393 2181 478 2241 uiridi
498 2183 628 2242 radicem
650 2189 782 2242 moverat
803 2182 861 2242 alte

142 2283 269 2344 quercus
290 2265 379 2327 bumo
424 2311 641 2326 .....
685 2265 832 2345 silvaeque
854 2282 979 2326 sonorae

142 2355 246 2428 sponte
268 2367 320 2410 sua
342 2356 444 2410 cantus
466 2348 620 2429 rapiebant
642 2351 751 2410 cortice
774 2367 869 2410 avara.

142 2432 274 2493 labentes
294 2431 409 2512 biiuges
432 2435 519 2495 etiam
540 2452 595 2514 per
617 2432 714 2494 sidera
735 2432 872 2494 Phoebus

141 2518 248 2596 pressit
270 2535 373 2596 equor,
397 2526 426 2578 et
447 2526 480 2579 tu
502 2518 662 2588 currentis,
693 2525 843 2578 menstrua
866 2516 957 2591 virgo,

143 2599 276 2662 auditura
299 2601 392 2679 lyram
414 2603 533 2663 tenuisti
555 2602 647 2663 Nocte
669 2599 779 2661 relicta.

142 2685 214 2747 baec
237 2685 339 2746 eadem
361 2688 456 2766 potuit
477 2686 549 2747 Ditis
571 2693 600 2746 te
621 2687 739 2745 vincere
762 2685 889 2744 coniunx

142 2768 366 2848 Eurydicenque
387 2772 450 2831 viro
473 2769 636 2830 ducendam
658 2766 802 2828 reddere?
823 2783 883 2828 non
905 2765 957 2836 las,

142 2869 202 2910 non
225 2859 289 2912 erat
310 2854 436 2913 inuictae
458 2853 541 2913 divae
564 2852 714 2913 exorabile
737 2869 857 2912 numen.

141 2933 190 2992 illa
212 2934 345 3012 quidem,
370 2937 493 2995 nimium
516 2953 617 2996 manes
639 2941 760 3013 experta
782 2951 908 3002 severos,

140 3024 331 3095 praeceptum
354 3016 487 3094 signabat
507 3019 564 3077 iter
586 3037 641 3079 nec
661 3015 775 3077 rettulit
795 3018 874 3077 intus

141 3098 252 3160 lumina
273 3118 329 3160 nec
352 3099 435 3160 divae
457 3103 590 3178 corrupit
611 3116 734 3161 munera
756 3097 871 3177 lingum

141 3182 193 3244 sed
215 3191 247 3244 tu
269 3182 412 3255 crudelis,
436 3183 563 3244 crudelis
585 3193 617 3245 tu
638 3183 746 3259 magis,
771 3181 900 3262 Orpheu,

143 3266 307 3346 (peccatum
328 3269 496 3328 meminisse
518 3275 599 3328 tuom
622 3282 711 3344 grave
733 3264 803 3325 sede
824 3264 951 3345 piorum)

142 3349 241 3411 oscula
265 3369 333 3412 cara
354 3358 458 3431 petens
479 3351 585 3429 rupisti
606 3351 684 3410 iussa
707 3345 844 3410 deorum:

142 3433 248 3509 dignus
271 3452 354 3494 amor
376 3436 473 3504 venia,
497 3439 612 3510 gratum
634 3433 660 3490 si
681 3430 804 3492 Tartara
827 3440 955 3494 nossent.
