2400 3878
136 158 197 223 200
458 169 601 218 t'lttttttht
623 170 748 219 AErtttls
771 172 806 218 t't

137 336 165 387 et
186 327 216 385 ni
238 324 323 385 (locta
342 342 441 385 comes
463 324 558 384 tenuis
576 324 639 385 sinc
662 343 787 402 corpore
809 327 879 385 ritas

136 409 292 470 admoneat
313 408 433 469 volitare
456 425 523 468 cava
546 407 601 469 suh
622 410 747 485 imagine
769 410 894 480 formae,

136 494 233 553 inruat
253 499 282 552 et
302 491 410 553 frustra
432 491 512 552 ierro
534 491 699 552 diverberet
720 491 849 553 umbras.

177 576 252 636 llinc
273 577 318 636 tia
339 575 473 636 Tartarei
493 594 567 653 quae
589 575 646 636 lert
664 575 837 636 Acherontis
857 576 894 637 ad
917 578 1021 641 undas.

135 658 271 720 turbidus
290 660 338 719 hic
358 677 448 719 caeno
469 667 606 736 vastaque
628 661 766 737 voragine
787 676 895 740 gurges

136 751 247 804 aestuat
269 753 356 822 atque
378 761 495 803 omnem
518 742 624 822 Cocyto
648 751 760 803 eructat
782 743 932 804 harenam.

135 829 260 905 portitor
282 827 334 887 has
355 826 521 887 horrendus
540 844 629 904 aquas
652 834 681 886 et
699 824 818 887 humina
840 835 935 889 servat

136 909 258 971 terribili
277 910 414 988 squalore
437 909 568 979 Charon,
590 911 638 970 cui
661 909 787 986 plurima
808 921 905 972 mento

136 996 255 1055 canities
277 993 385 1054 inculta
405 995 494 1063 iacet,
518 1001 595 1053 stant
617 993 726 1053 lumina
748 992 881 1064 llamma,

136 1077 271 1137 sordidus
291 1096 326 1138 ex
345 1080 455 1138 umeris
477 1077 554 1137 nodo
577 1077 722 1154 dependet
745 1080 876 1139 amictus

136 1163 198 1239 ipse
220 1170 314 1221 ratem
337 1169 424 1221 conto
447 1160 555 1240 subigit
577 1160 706 1239 velisque
728 1162 886 1231 ministrat,

137 1257 165 1305 et
186 1245 354 1321 ferruginea
376 1245 526 1305 subvectat
545 1262 668 1322 corpora
692 1244 813 1316 cumba,

135 1329 193 1390 iam
215 1329 329 1397 senior,
352 1327 402 1389 sed
418 1329 507 1389 cruda
533 1329 587 1389 deo
611 1329 768 1407 viridisque
790 1335 934 1391 senectus.

136 1413 195 1473 huo
216 1413 309 1472 omnis
331 1411 417 1473 turba
440 1413 476 1473 ad
496 1414 575 1490 ripas
597 1414 687 1473 eliusa
710 1412 830 1483 ruebat,

136 1506 245 1558 matres
267 1506 353 1574 atque
375 1497 427 1556 viri
447 1497 641 1575 defunctaque
664 1514 788 1573 corpora
806 1498 862 1557 rita

136 1582 353 1658 magnanimum
375 1581 513 1647 heroum,
536 1583 620 1659 pueri
642 1582 840 1659 innuptaeque
861 1581 974 1659 puellae

137 1665 320 1742 impositique
342 1666 421 1741 rogis
442 1667 560 1725 iuvenes
582 1672 648 1725 anto
671 1683 723 1724 ora
744 1672 916 1742 parentum:

137 1765 225 1825 quam
247 1746 336 1808 multa
358 1751 387 1808 iu
409 1749 487 1808 silvis
509 1751 640 1808 autumni
660 1748 769 1826 frigore
789 1750 885 1826 primo

136 1829 216 1908 lapsa
240 1831 346 1891 cadunt
368 1830 450 1900 lolia,
472 1841 521 1891 aut
543 1832 579 1892 ad
600 1839 708 1892 terram
731 1833 845 1911 gurgite
866 1832 902 1894 ah
925 1834 982 1895 alto

137 1932 224 1991 quarn
246 1913 354 1975 multae
371 1914 571 1991 glomerantur
593 1934 675 1984 aves,
700 1916 749 1977 uhi
772 1916 892 1994 frigidus
914 1936 1010 1981 annus

137 2008 216 2057 trans
238 2006 359 2075 pontum
379 1998 459 2075 lugat
480 2008 508 2060 et
529 2000 614 2059 terris
635 2001 752 2060 inmittit
774 2002 888 2077 apricis.

138 2081 255 2141 stahant
277 2091 395 2143 orantes
417 2085 504 2160 primi
526 2086 724 2144 transmittere
742 2101 860 2146 cursum

137 2165 353 2244 tendebantque
371 2185 474 2227 manus
496 2168 577 2244 ripae
598 2168 746 2229 ulterioris
763 2186 873 2230 amore.

136 2251 230 2309 navita
253 2249 303 2310 sed
318 2251 407 2311 tristis
429 2269 508 2312 nunc
526 2252 580 2311 hos
600 2270 678 2313 nuno
701 2254 804 2330 accipit
825 2252 904 2323 illos,

137 2341 180 2392 ast
200 2333 270 2393 alios
291 2333 378 2411 longe
396 2344 557 2396 summotos
580 2345 660 2397 arcet
681 2337 801 2396 harena.

136 2418 248 2479 Aeneas
269 2420 390 2479 miratus
413 2421 489 2480 euim
507 2429 662 2497 motusque
683 2419 808 2481 tumultu

138 2500 215 2562 ‘dic'
240 2503 293 2573 ait,
318 2511 350 2561 ‘o
372 2504 469 2582 virgo,
494 2504 562 2582 quid
581 2504 639 2564 volt
662 2521 824 2565 concursus
845 2503 881 2563 ad
903 2507 1044 2568 amnem?

137 2585 241 2663 quidve
263 2593 366 2663 petunt
388 2590 521 2648 animae?
543 2588 586 2649 vel
611 2607 668 2667 quo
691 2587 858 2649 discrimino
876 2588 954 2664 ripas

138 2669 191 2729 hae
214 2669 339 2740 lincunt,
367 2671 432 2731 illae
450 2673 538 2732 remis
560 2674 630 2732 vada
653 2672 738 2732 livida
760 2670 911 2732 verrunti'

137 2753 185 2812 olli
203 2754 245 2813 sic
267 2753 396 2814 breviter
416 2754 472 2814 lata
496 2764 539 2814 ost
559 2755 698 2834 longaeva
718 2755 873 2817 sacerdos:

137 2836 280 2896 ‘Anchisa
299 2847 453 2915 generate,
478 2839 565 2897 deum
580 2841 740 2899 certissima
763 2840 877 2920 proleS,

137 2920 235 2997 Cocyti
256 2928 357 2997 stagna
379 2921 435 2980 alta
459 2921 539 2981 vides
561 2922 746 3001 Stygiamque
767 2922 919 3002 paludem,

136 3002 165 3061 di
188 3004 270 3063 cuius
289 3006 388 3063 iurare
408 3005 511 3064 timent
533 3011 561 3064 et
582 3005 683 3066 fallere
705 3025 823 3068 numen.

136 3085 209 3146 haec
232 3088 342 3154 omnis,
366 3105 453 3164 quam
476 3089 587 3164 cernis,
609 3091 692 3167 inops
712 3091 920 3171 inhumataque
942 3089 1083 3166 turbast3
1108 3108 1163 3167 εκ

137 3170 260 3246 portitor
277 3168 326 3231 ille
348 3170 478 3240 Charon;
501 3171 546 3242 hi,
570 3191 643 3250 quos
665 3173 743 3234 vehit
763 3175 856 3245 unda,
880 3172 996 3254 sepulti.

136 3270 190 3312 nec
209 3254 288 3333 ripas
310 3256 394 3315 datur
417 3257 579 3317 horrendas
600 3266 628 3317 et
651 3277 739 3318 rauca
760 3259 869 3320 fluenta

135 3344 335 3416 transportare
357 3341 454 3416 prius,
477 3359 564 3419 quam
583 3343 701 3403 sedibus
723 3360 788 3403 ossa
810 3345 956 3421 quierunt.

137 3429 254 3483 centum
277 3432 376 3484 errant
398 3442 490 3485 annos
506 3424 683 3504 volitantque
705 3426 778 3492 haec
794 3425 879 3487 litora
901 3429 1033 3498 circum:
