2400 3878
406 199 547 248 vulteius
570 193 694 248 Annuus
717 201 743 246 11

63 356 218 419 Ascanium
239 354 443 433 Anchisenque
464 363 578 432 patrem
600 353 790 433 Teucrosque
810 359 923 435 penatis

62 438 235 501 commendo
258 439 344 498 sociis
363 445 391 498 et
415 456 500 498 curva
524 436 596 498 valle
617 437 746 498 recondo
845 440 848 445 ’

63 523 139 602 [ipse
160 521 266 582 urbem
288 528 389 599 repeto
409 529 438 582 et
459 522 560 600 cingor
580 519 757 599 fulgentibus
776 522 889 604 armis]

61 615 117 666 stat
140 623 223 667 casus
247 623 390 666 renovare
413 605 506 665 omnis
531 622 706 684 omnemque
728 608 835 668 reverti
1027 618 1078 674 750

61 708 114 769 per
136 690 255 751 Troiam
279 698 308 750 et
328 706 432 750 rursus
456 698 543 767 caput
564 688 710 750 obiectare
732 689 858 767 periclis.

62 774 206 852 principio
228 790 330 834 muros
351 772 537 850 obscuraque
561 771 659 833 limina
680 779 797 850 portae,

62 875 118 936 qua
141 872 274 934 gressum
296 854 473 926 extuleram,
492 862 610 934 repeto,
635 864 663 917 et
685 858 803 935 vestigia
824 864 904 920 retro

62 940 213 1002 observata
235 957 343 1020 sequor
366 957 420 1017 per
442 947 558 1001 noctem
580 947 608 1001 et
629 938 738 1001 lumine
756 939 858 1002 lustro.

62 1024 170 1084 horror
191 1024 301 1103 ubique
322 1025 436 1094 animo,
460 1022 546 1084 simul
568 1025 629 1102 ipsa
653 1023 764 1085 silentia
787 1032 907 1086 terrent.
1024 1037 1076 1090 765

61 1108 128 1168 iude
150 1108 283 1177 domum,
307 1108 331 1167 si
352 1109 428 1168 iorte
447 1108 570 1184 pedem,
593 1108 617 1167 si
637 1108 711 1169 forte
734 1107 860 1178 tulisset,

61 1210 108 1252 me
130 1193 236 1253 refero.
281 1192 432 1252 inruerant
453 1190 544 1253 Danai
566 1199 594 1252 et
616 1199 723 1254 tectum
746 1209 832 1253 omne
853 1192 999 1254 tenebant.

61 1273 139 1336 ilicet
161 1277 236 1354 ignis
258 1274 330 1335 edax
352 1293 465 1336 summa
486 1275 522 1336 ad
545 1274 657 1353 fastigia
679 1284 765 1336 vento

63 1357 201 1428 volvitur,
227 1367 403 1434 exsuperant
425 1357 573 1428 flammae,
597 1360 666 1420 iuuit
687 1366 784 1420 aestus
806 1360 843 1421 ad
865 1377 960 1421 auras.

61 1442 190 1520 procedo
216 1449 244 1502 et
263 1441 371 1501 Priami
388 1440 473 1502 sedes
495 1458 651 1520 arcemque
674 1443 778 1502 reviso.
1026 1453 1078 1506 760

62 1534 90 1585 et
112 1526 170 1585 iam
192 1522 355 1602 porticibus
375 1524 473 1584 vacuis
495 1523 613 1584 lunonis
634 1523 714 1602 asylo

63 1608 198 1669 custodes
221 1607 287 1668 lecti
309 1607 440 1667 Phoenix
461 1614 489 1667 et
510 1606 591 1666 dirus
612 1605 710 1667 Ulixes

64 1692 203 1770 praedam
224 1690 425 1751 adservabant.
470 1690 529 1750 huc
548 1689 677 1768 undique
699 1689 787 1750 Troia
808 1708 878 1770 gaza

63 1777 187 1838 incensis
211 1781 310 1852 erepta
331 1774 422 1852 adytis
447 1790 623 1852 mensaeque
644 1773 766 1835 deorum

65 1868 250 1937 crateresque
271 1876 342 1918 auro
365 1855 449 1918 solidi
470 1859 640 1937 captivaque
660 1858 746 1918 vestis

64 1945 240 2021 congeritur.
285 1943 370 2019 pueri
393 1949 421 2001 et
442 1941 562 2021 pavidae
583 1939 670 2020 longo
693 1941 795 2002 ordine
816 1952 925 2004 manes

61 2035 139 2087 stant
161 2029 280 2088 circum.

46 2128 150 2173 -ausus
173 2112 243 2189 quin
266 2110 350 2170 etiam
372 2127 458 2170 voces
479 2111 586 2171 iactare
609 2127 662 2186 per
683 2107 819 2170 umbram

62 2193 178 2272 implevi
199 2193 327 2254 clamore
348 2195 421 2264 rias,
444 2200 630 2270 maestusque
651 2192 790 2253 Creusam

62 2279 240 2355 nequiquam
263 2277 444 2353 ingeminans
465 2279 631 2355 iterumque
653 2276 818 2352 iterumque
838 2279 946 2338 vocavi.

63 2362 214 2439 quaerenti
236 2369 265 2421 et
286 2363 369 2421 tectis
389 2360 472 2420 urbis
494 2362 556 2420 sine
578 2360 635 2420 fine
651 2361 748 2418 ruenti

62 2445 162 2505 infelix
184 2443 372 2504 simulacrum
395 2451 482 2520 atque
503 2443 594 2522 lpsius
616 2441 721 2502 umbra
741 2441 867 2501 Creusae

63 2528 122 2587 visa
142 2527 212 2587 mihi
234 2533 301 2586 ante
324 2524 423 2584 oculos
444 2533 472 2585 et
492 2538 561 2585 nota
583 2526 675 2583 maior
696 2527 802 2598 imago.

63 2610 204 2687 obstipui,
228 2615 428 2683 steteruntque
451 2625 551 2667 comae
573 2613 600 2667 et
621 2624 676 2666 vox
699 2605 832 2666 lancibus
854 2608 955 2667 haesit.

64 2694 149 2773 ‘quid
172 2699 286 2753 tantum
308 2692 409 2751 insano
430 2691 507 2750 iuvat
525 2687 677 2768 indulgere
698 2687 806 2758 dolori,

63 2798 80 2837 o
102 2775 194 2839 dulcis
217 2775 363 2836 coniunxi
385 2791 443 2834 non
465 2774 538 2835 haec
561 2774 623 2834 sine
645 2774 764 2833 numine
785 2773 880 2833 divom

64 2863 214 2929 eveniunt;
237 2876 292 2920 nec
310 2866 338 2918 te
361 2858 429 2918 hinc
448 2860 584 2918 comitem
608 2865 759 2935 asportare
782 2856 921 2918 Creusam

63 2946 106 3005 ias
124 2953 172 3005 aut
193 2943 241 3006 ille
261 2943 329 3002 sinit
351 2945 450 3020 superi
473 2949 612 3019 regnator
634 2939 757 3020 Olympi.

63 3028 152 3106 longa
174 3028 227 3088 tibi
249 3025 348 3096 exilia,
371 3034 401 3087 et
421 3033 534 3090 vastum
555 3026 644 3086 maris
667 3042 777 3103 aequor
796 3024 951 3085 arandum:

64 3120 93 3172 et
115 3119 225 3172 terram
248 3110 420 3189 Hesperiam
442 3111 556 3180 venies,
578 3108 629 3170 ubi
651 3107 758 3187 Lydius
777 3124 845 3166 arva

64 3197 139 3255 inter
161 3197 257 3274 opima
276 3194 370 3255 rirrnn
397 3192 455 3255 leni
477 3192 540 3253 ssuit
562 3192 676 3270 agmine
698 3190 831 3269 Thybris,

64 3277 123 3339 illie
145 3295 193 3339 res
213 3277 305 3339 laetae
324 3293 508 3355 regnumque
531 3283 559 3336 et
580 3276 659 3353 rogia
683 3275 808 3334 coniunx

65 3462 123 3506 turn
144 3449 184 3505 sic
204 3447 289 3506 adiari
311 3456 337 3504 et
357 3464 436 3506 curas
458 3448 501 3504 his
520 3448 627 3504 demere
647 3444 726 3500 dictis
