2400 3878
153 168 215 229 390
463 181 493 227 1³.
516 179 660 228 venetur
683 180 838 229 nunonis

154 353 249 413 neque
271 333 358 394 uilius
381 334 504 395 rotantis
520 338 661 414 impetum
679 337 731 395 cisi

153 420 289 496 nequisse
311 421 487 496 praeterire,
511 421 571 479 sire
593 419 739 479 Mantuam

153 520 226 580 opus
248 502 324 561 soret
345 501 443 562 volare
465 505 524 562 sive
547 503 685 563 Brixiam.

153 595 183 646 et
204 585 261 645 hoc
283 595 372 663 negat
393 587 559 665 Tryphonis
581 588 687 646 aemuli
710 586 829 648 domum

152 687 261 746 negare
283 670 410 730 nobilem
433 669 592 729 insulamve
615 668 738 739 Caeruli,

152 754 202 813 ubi
224 757 278 813 iste
300 764 366 831 post
388 753 513 814 Sabinus
535 762 602 813 ante
625 754 760 824 Quinctio

151 836 271 897 bidente
294 837 363 897 dicit
385 836 522 896 attodisse
544 837 644 897 iorfice

152 929 264 980 comata
289 920 377 989 coila,
416 921 532 998 nequod
559 921 711 981 horridum
734 923 802 998 iugo

151 1011 305 1082 premente
328 1005 401 1063 dura
425 1005 528 1064 volnus
550 1003 651 1065 ederet
671 1002 748 1064 iuba.

152 1088 296 1148 Cremona
319 1088 424 1165 frigida
448 1096 477 1148 et
499 1087 592 1148 lutosa
615 1086 717 1156 Gallia,

151 1169 204 1229 tibi
227 1172 300 1231 haec
321 1170 411 1231 fuisse
434 1179 462 1232 et
485 1189 548 1231 esse
571 1173 767 1249 cognitissima

152 1257 192 1314 ait
214 1253 353 1315 Sabinus:
376 1254 477 1315 ultima
500 1273 535 1315 ex
558 1257 670 1333 origine

152 1347 201 1399 tua
223 1339 338 1399 stetisse
361 1338 431 1399 dicit
452 1341 482 1398 in
504 1341 651 1417 voragine,

151 1430 200 1483 tua
223 1425 252 1483 in
275 1422 381 1500 palude
404 1422 552 1501 deperisse
575 1426 704 1483 sarcinas

152 1507 271 1567 atinde
293 1514 336 1566 tot
357 1525 411 1586 per
433 1507 560 1568 orbitosa
583 1505 661 1567 milia

151 1593 251 1670 iugum
275 1589 390 1657 tulisse.
413 1591 493 1650 laeva
516 1593 574 1651 sive
598 1591 717 1650 dextera

151 1678 276 1752 strigare
298 1674 375 1734 mula
399 1677 458 1734 sire
481 1677 626 1753 utrimque
649 1686 794 1753 coeperat,

152 1776 247 1836 neque
269 1757 327 1817 ulla
350 1765 414 1817 vota
437 1758 617 1818 semitalibus
640 1759 701 1819 deis

151 1840 207 1900 sibi
230 1858 293 1901 esse
316 1842 391 1900 iacta
413 1850 532 1919 praeter
554 1842 610 1902 hoc
632 1844 829 1915 novissimum.

150 1931 272 2002 paterna
295 1923 357 1983 lora
379 1925 603 2004 proximumque
623 1928 779 2004 pectinem.

151 2006 202 2066 sed
224 2007 297 2067 haec
319 2008 400 2086 prius
421 2007 519 2068 fuere:
542 2026 620 2068 nunc
643 2008 771 2069 eburnea

151 2092 292 2169 sedetque
314 2091 383 2150 sede
406 2109 496 2170 seque
518 2092 634 2151 dedicat
654 2092 717 2162 tihi,

152 2174 276 2252 gemelle
300 2175 402 2236 Castor
425 2183 453 2234 et
475 2175 598 2253 gemelle
621 2177 758 2237 Castoris.

631 2360 679 2421 IX.

152 2477 270 2538 Scilicet
292 2480 348 2538 hoc
370 2480 433 2538 sine
455 2478 570 2548 fraude,
594 2478 662 2537 Vari
685 2477 866 2549 dulcissime,
890 2479 1000 2540 dicaam

194 2564 372 2641 dispeream,
397 2564 453 2622 nisi
474 2581 521 2623 me
543 2561 671 2641 perdidit
691 2562 746 2621 iste
767 2570 864 2640 putus.

151 2647 196 2707 sin
221 2655 317 2706 autem
339 2654 496 2726 praecepta
520 2653 618 2705 vetant
640 2661 687 2704 me
710 2644 825 2716 dicere,
848 2664 918 2706 sane

194 2748 252 2789 non
276 2729 385 2800 dicam,
409 2730 460 2790 sed
482 2747 530 2789 me
552 2728 681 2808 perdidit
701 2729 755 2787 iste
777 2747 860 2806 puer.

631 2917 666 2976 X.

151 3011 269 3081 villula,
292 3032 366 3091 quae
395 3015 507 3073 Sironis
531 3032 610 3087 eras,
634 3025 663 3077 et
685 3035 797 3096 pauper
819 3016 919 3095 agella,

193 3114 295 3156 verum
317 3095 360 3156 illi
382 3096 500 3157 domino
523 3106 555 3160 tu
577 3117 693 3179 quoque
716 3099 839 3172 divitiae,

152 3199 199 3240 me
221 3179 274 3240 tibi
298 3188 326 3240 et
347 3180 401 3241 hos
423 3199 480 3241 una
502 3200 633 3252 meeum,
657 3200 730 3262 quos
752 3201 870 3263 semper
891 3186 993 3254 amavi,

194 3264 288 3343 siquid
311 3264 347 3324 de
368 3267 461 3343 patria
484 3267 596 3326 tristius
617 3266 746 3336 audiero,

153 3345 342 3416 commendo,
364 3350 395 3407 in
417 3350 578 3429 primisque
599 3355 722 3427 patrem.
746 3357 778 3409 tu
800 3368 878 3412 nunc
901 3353 959 3411 eris
979 3351 1024 3413 illi
1151 3364 1172 3421 δ

194 3430 310 3490 Mantua
333 3430 409 3511 quod
432 3431 528 3491 iuerat
549 3432 685 3511 quodque
708 3433 852 3494 Cremona
873 3436 964 3514 prius.
