2400 3878
149 191 213 254 244
475 198 617 247 vunonn
635 198 759 246 anunm
776 199 840 247 vm

143 359 248 440 pocula
269 361 479 436 gramineoque
501 356 578 415 viros
595 354 672 415 locat
690 356 753 431 lpse
774 353 856 415 sedllr

143 444 392 522 praecipuumque
412 450 476 499 toro
500 444 529 500 et
549 437 642 499 villosi
659 437 735 516 pelle
757 437 849 499 leonis

144 528 248 604 accipit
269 529 385 587 Aenean
408 521 538 602 solioque
560 523 658 582 invitat
679 540 798 583 acerno.

143 619 206 672 tum
228 610 296 670 lecti
313 611 431 669 iuvenes
455 608 587 668 certatim
609 624 735 685 araeque
757 606 894 667 sacerdos

143 694 254 756 viscera
276 700 351 754 tosta
371 693 469 752 lerunt
491 699 643 751 taurorum
662 697 844 768 onerantque
868 691 1001 751 canlstrls
1117 701 1166 753 180

144 777 220 839 dona
242 776 390 838 laboratae
414 776 528 836 Cereris
549 774 757 853 Bacchumque
779 776 955 834 ministrant.

143 862 270 922 vescitur
287 861 401 922 deneas
420 858 507 919 simul
529 866 557 919 et
578 857 705 918 Troiana
726 859 862 919 iuventus

143 947 278 1025 perpetui
300 953 384 1022 tergo
405 944 489 1004 bovis
512 950 540 1004 et
560 940 729 1003 lustralibus
752 943 834 1002 extis.

185 1028 345 1108 Postquam
368 1033 502 1104 exempta
524 1028 617 1087 fames
634 1032 664 1086 et
677 1043 760 1086 amor
778 1043 965 1106 compressus
986 1026 1100 1096 edendi,

142 1130 196 1172 rex
218 1111 372 1173 Euandrus
395 1113 450 1171 ait:
474 1119 549 1170 ‘non
570 1109 643 1171 haec
663 1108 814 1170 sollemnia
831 1111 926 1181 nobis,
1115 1118 1165 1170 185

144 1193 198 1254 has
220 1214 256 1256 ex
278 1212 361 1256 more
383 1194 481 1272 dapes,
506 1195 582 1255 hanc
603 1195 674 1253 tanti
695 1195 823 1254 numinis
844 1213 925 1255 aram

143 1296 217 1340 rana
239 1280 407 1358 superstitio
423 1286 611 1357 veterumque
632 1279 733 1355 ignara
756 1277 879 1338 deorum

142 1360 288 1443 inposuit:
310 1364 410 1433 saeris
434 1363 543 1441 hospes
564 1361 699 1430 Troiane,
722 1360 840 1440 periclis

144 1449 251 1508 servati
271 1448 393 1508 iacimus
415 1447 594 1526 meritosque
616 1463 756 1506 novamus
772 1445 909 1507 honores.
1041 1511 1043 1515 ,

142 1532 200 1592 iam
221 1533 349 1610 primum
371 1532 447 1590 saxis
468 1547 638 1609 suspensam
658 1529 735 1589 hanc
755 1530 853 1607 aspice
870 1548 985 1610 rupem,

142 1613 280 1675 disiectae
300 1612 405 1694 procul
424 1623 457 1675 ut
476 1612 569 1674 moles
590 1614 764 1692 desertaque
782 1615 889 1676 montis

143 1704 201 1757 stat
218 1698 322 1760 domus
341 1706 369 1758 et
392 1696 506 1777 scopuli
526 1699 673 1775 ingentem
695 1704 813 1757 traxere
835 1697 959 1760 ruinam.

141 1780 191 1840 hic
207 1780 346 1859 spelunca
368 1781 432 1852 luit,
455 1790 535 1841 vasto
557 1789 700 1842 summota
723 1797 852 1851 recessu,

141 1864 339 1927 semihominis
364 1866 430 1926 Caci
451 1866 539 1926 iacies
561 1883 648 1944 quam
667 1864 730 1925 dira
750 1864 877 1934 tenebat,

142 1947 212 2009 solis
234 1951 411 2009 inaccessam
433 1948 538 2018 radiis;
561 1966 737 2027 semperque
758 1951 870 2010 recenti

144 2031 233 2092 caede
255 2033 374 2110 tepebat
395 2032 510 2103 humus,
533 2032 706 2111 foribusque
730 2032 824 2092 adfixa
844 2032 979 2112 superbis

146 2125 195 2175 tra
216 2117 312 2177 virum
333 2118 409 2178 tristi
430 2115 597 2196 pendebant
620 2115 764 2196 squallida
785 2113 864 2176 tabo.

142 2198 211 2259 huic
232 2208 362 2262 monstro
385 2200 530 2262 Volcanus
552 2208 616 2262 erat
637 2207 736 2279 pater:
758 2198 837 2260 illlus
855 2207 934 2261 atros

142 2300 194 2342 ore
216 2301 335 2346 vomens
355 2287 432 2362 ignis
454 2301 559 2362 magna
582 2303 615 2346 se
637 2283 713 2344 mole
736 2282 858 2344 ferebat.

143 2366 238 2426 attulit
260 2376 289 2429 et
308 2367 393 2428 nohis
412 2367 567 2447 aliquando
590 2367 758 2448 optantibus
779 2374 860 2428 aetas

79 2476 84 2484 ·
142 2449 282 2511 auxilium
305 2452 518 2530 adventumque
540 2452 597 2515 dei.
636 2469 704 2511 nam
725 2451 870 2512 maximus
892 2449 979 2528 ultor,

142 2535 298 2611 tergemini
318 2553 392 2597 nece
412 2538 564 2615 Geryonae
586 2535 747 2615 spoliisque
767 2534 923 2614 superbus,

140 2615 255 2679 Alcides
277 2618 377 2681 aderat
397 2627 556 2700 taurosque
577 2619 633 2681 hac
649 2621 741 2680 victor
763 2618 869 2695 agebat

140 2699 275 2779 ingentis,
294 2701 456 2780 vallemque
477 2702 567 2764 hores
589 2720 766 2781 amnemque
787 2703 935 2764 tenebant

140 2790 170 2842 at
190 2785 276 2845 furiis
297 2785 364 2846 Caci
385 2804 469 2848 mens
491 2788 589 2857 edera,
613 2786 721 2866 nequid
743 2787 878 2847 inausum

141 2874 191 2926 aut
214 2868 400 2930 intractatum
422 2869 577 2932 scelerisve
597 2870 692 2931 dolive
712 2870 823 2939 luisset,

140 2957 277 3027 quattuor
299 2970 315 3011 a
332 2952 453 3013 stabulis
473 2955 633 3033 praestanti
654 2969 779 3031 corpore
800 2958 901 3012 tauros

140 3034 253 3104 avertit,
275 3035 396 3096 totidem
419 3036 514 3098 forma
536 3043 694 3117 superante
714 3035 870 3102 iuvencas;

140 3121 228 3196 atque
247 3117 311 3190 hos,
331 3136 428 3198 nequa
449 3121 547 3183 lorent
567 3119 692 3199 pedihus
712 3118 834 3194 vestigia
855 3117 954 3188 rectis,

140 3201 232 3262 cauda
253 3202 284 3262 in
305 3201 476 3281 speluncam
497 3209 605 3265 tractos
625 3203 775 3279 versisque
796 3202 908 3263 riarum

138 3283 254 3345 indiciis
274 3294 377 3366 raptor
395 3305 466 3350 saxo
487 3285 652 3348 occultabat
669 3302 777 3364 opaco:

139 3371 293 3446 quaerenti
313 3370 392 3431 nulla
414 3370 449 3432 ad
473 3369 644 3449 speluncam
665 3369 747 3447 sigua
768 3369 911 3432 ferebant.

137 3449 259 3524 interea,
283 3470 352 3516 oum
372 3455 432 3515 iam
452 3451 572 3514 stabulis
592 3459 720 3514 saturata
742 3462 874 3516 moveret
