2400 3878
131 220 192 285 230
448 230 591 280 innomi
612 231 738 279 anunrs
760 231 809 279 vn

131 379 242 449 insidiis
265 404 412 466 cursuque
434 387 511 446 ieras
533 385 659 464 agitabat
680 384 769 461 Iulus,

131 471 179 533 hic
201 471 326 532 subitam
350 469 472 531 canibus
493 469 605 531 rabiem
628 470 745 548 Cocytia
766 469 849 547 virgo

132 555 222 617 obicit
243 564 271 615 et
294 562 363 614 noto
385 555 464 614 naris
485 553 626 629 contingit
643 552 743 621 odore,

132 648 165 700 ut
187 656 304 700 cervom
328 638 463 698 ardentes
485 645 619 715 agerent;
641 654 715 715 quae
736 637 830 714 prima
851 633 986 697 laborum

132 740 219 785 causa
241 722 294 783 tuit
315 720 451 800 belloque
472 722 584 781 animos
603 719 737 780 accendit
759 720 890 796 agrestis.

133 824 235 867 cervos
255 815 318 866 erat
339 805 433 866 forma
456 804 615 881 praestanti
636 811 665 864 et
685 802 824 864 cornibus
843 804 956 879 ingens,

131 887 293 969 Tyrrhidae
310 890 394 968 pueri
417 906 503 967 quern
525 888 626 947 matris
648 886 684 947 ab
703 885 795 948 ubere
814 896 931 964 raptum

131 972 283 1034 nutribant
301 971 493 1052 Tyrrhusque
514 981 607 1049 pater,
631 972 677 1031 cui
699 972 780 1049 regia
801 978 904 1048 parent

132 1064 264 1117 umenta
287 1064 316 1116 et
338 1055 393 1115 late
416 1055 545 1116 custodia
567 1054 677 1115 credita
700 1055 805 1132 campi.

132 1139 286 1202 adsuetum
307 1140 437 1218 imperiis
459 1155 543 1198 soror
570 1140 648 1198 omui
668 1138 755 1198 Silvia
775 1155 855 1209 cura!

132 1221 270 1285 mollibus
289 1225 421 1283 intexens
443 1221 567 1282 ornabat
587 1239 698 1283 cornua
720 1223 807 1283 sertis

132 1308 327 1387 pectebatque
344 1306 439 1367 lerum
458 1323 592 1385 puroque
614 1307 644 1366 in
666 1307 746 1367 lonte
766 1304 887 1366 lavabat.

132 1389 189 1462 ille,
213 1409 331 1452 manum
349 1392 463 1468 patiens
485 1407 661 1469 mensaeque
683 1389 821 1452 adsuetus
842 1386 914 1458 erili,

134 1474 252 1535 errabat
269 1474 347 1536 silvis
370 1491 532 1554 rursusque
555 1475 591 1535 ad
612 1474 712 1534 limina
735 1480 804 1534 nota

132 1561 195 1636 ipse
218 1559 338 1620 domum
360 1575 425 1618 sera
448 1560 579 1635 quamvis
601 1576 632 1619 se
653 1565 739 1619 nocte
756 1556 878 1618 ferebat.

133 1642 212 1703 hunc
233 1641 338 1721 procul
361 1651 508 1704 errantem
528 1641 648 1703 rabidae
668 1642 799 1702 venantis
820 1639 873 1702 luli

132 1743 318 1788 commovere
339 1743 434 1796 canes,
456 1724 542 1786 fluvio
564 1744 631 1786 cum
650 1726 725 1786 torte
749 1724 877 1786 secundo

134 1809 276 1869 delineret
298 1811 419 1888 ripaque
439 1818 537 1870 aestus
554 1809 695 1870 viridante
716 1807 835 1871 levaret.

133 1895 197 1969 ipse
218 1894 314 1963 etiam,
338 1893 459 1953 eximiae
480 1892 572 1953 laudis
594 1910 753 1955 succensus
770 1909 879 1962 amore,

133 1977 272 2036 Ascanius
295 1994 384 2036 curvo
407 1976 519 2037 derexit
540 1975 651 2055 spicula
676 1995 783 2047 cornu:

132 2077 188 2120 nec
210 2059 329 2121 dextrae
351 2061 458 2121 erranti
481 2061 553 2121 deus
575 2062 656 2133 aluit,
680 2070 802 2141 actaque
823 2057 915 2121 multo

132 2159 245 2221 perque
264 2150 380 2205 uterum
403 2146 500 2205 sonitu
521 2161 634 2224 perque
655 2145 703 2206 ilia
724 2146 802 2208 venit
820 2141 965 2206 harundo.

133 2228 249 2287 saucius
271 2236 298 2288 at
320 2228 488 2306 quadrupes
507 2237 576 2290 nota
597 2230 673 2291 intra
695 2238 772 2291 tecta
793 2227 902 2306 refugit

132 2312 332 2391 successitque
353 2329 474 2390 gemens
493 2312 614 2374 stabulis
636 2320 799 2393 questuque
821 2318 959 2373 cruentus

133 2400 219 2473 atque
240 2394 408 2472 imploranti
429 2395 531 2471 similis
553 2404 663 2459 tectum
687 2416 774 2459 omne
795 2394 937 2475 replebat.

134 2477 220 2539 Silvia
242 2480 335 2557 prima
359 2497 453 2552 soror,
475 2481 580 2561 palmis
600 2499 741 2561 percussa
761 2481 895 2548 lacertos,

134 2561 271 2623 auxilium
292 2573 375 2624 vocat
398 2571 427 2625 et
451 2565 540 2627 duros
563 2566 725 2627 conclamat
746 2565 877 2642 agrestis.

134 2645 185 2707 olli
210 2648 311 2725 (pestis
329 2649 407 2709 enim
429 2651 521 2710 tacitis
543 2649 612 2710 latet
633 2668 736 2728 aspera
758 2649 844 2727 silvis]

133 2730 272 2809 inprovisi
291 2731 406 2801 adsunt,
428 2732 478 2793 hic
497 2742 576 2793 torre
598 2743 727 2795 armatus
746 2734 860 2803 obusto,

133 2813 237 2893 stipitis
257 2814 305 2873 hic
323 2814 435 2890 gravidi
455 2816 555 2877 nodis:
579 2820 657 2896 quod
677 2819 783 2896 cuique
802 2823 954 2896 repertum

133 2896 259 2965 rimanti,
280 2894 370 2957 telum
392 2897 435 2957 ira
455 2899 533 2960 facit.
566 2911 647 2960 vocat
667 2904 781 2978 agmina
798 2900 938 2980 Tyrrhus,

134 2977 325 3054 quadrifidam
345 2996 486 3057 quercum
508 2984 608 3043 cuneis
628 2992 660 3044 ut
678 2985 754 3046 lorte
777 2985 884 3046 coactis

135 3061 293 3134 scindebat,
314 3070 397 3140 rapta
418 3065 532 3142 spirans
553 3067 681 3127 immane
701 3070 807 3130 secui.

136 3154 163 3208 at
183 3162 266 3207 saeva
287 3164 303 3207 e
326 3145 452 3225 speculis
473 3156 587 3228 tempus
610 3150 664 3211 dea
686 3160 792 3213 nancta
814 3150 938 3213 nocendi

136 3229 225 3293 ardua
244 3236 320 3292 tecta
342 3231 415 3309 petit
437 3231 542 3293 stabuli
565 3233 649 3295 etde
672 3236 798 3298 culmine
817 3253 932 3297 summo

135 3314 280 3459 pastorale
300 3316 377 3375 canit
399 3316 514 3394 siguum
535 3335 685 3396 cornuque
703 3338 828 3381 recurvo

159 3405 303 3461 artaream
324 3400 447 3461 intendit
467 3419 577 3472 vocem,
599 3420 656 3481 qua
677 3404 811 3482 protinus
834 3421 922 3465 omne

133 3484 309 3545 contremuit
325 3501 429 3545 nemus
452 3493 481 3547 et
501 3485 588 3547 silvae
607 3487 765 3548 insonuere
785 3485 967 3568 profundam
