2400 3878
124 199 186 263 ⁶118
450 208 592 256 venarer
617 208 741 258 aramis
757 208 807 257 vn

168 369 286 444 lamque
310 363 486 425 rubescebat
507 364 596 423 radiis
617 381 697 422 mare
716 372 744 422 et
763 361 882 423 aethere
902 359 940 424 ab
962 359 1021 424 alte
1102 369 1140 422 ὥ

125 456 238 513 Aurora
261 453 289 509 in
311 450 397 509 variis
417 447 545 523 fulgebat
566 446 642 505 lutea
664 444 753 522 bigis:

125 556 193 597 cum
216 536 291 595 renti
312 551 438 612 posuere
457 532 609 608 omnisque
631 540 751 606 repente
771 529 879 590 resedit

125 620 211 680 llatus
234 626 261 678 st
279 619 308 677 in
333 616 410 676 lento
432 615 578 674 luctantur
599 631 746 672 marmore
766 622 876 674 tonsae.

127 714 212 781 atque
235 702 281 761 bic
302 704 415 760 Aeneas
437 699 583 773 ingentem
606 715 640 756 er
664 715 791 775 aequore
812 696 910 757 lucum

126 787 275 865 prospicit.
309 783 388 842 hunc
410 784 484 841 inter
505 781 592 840 lluvio
614 779 770 839 Tiberinus
789 797 912 840 amoeno
1101 794 1140 846 30

127 868 283 930 verticibus
301 866 410 943 rapidis
429 874 457 925 et
479 864 569 924 muita
589 863 678 923 ssavos
699 862 808 923 harena

127 956 155 1013 in
178 970 259 1011 mare
278 951 452 1029 prorumpit.
486 949 582 1008 variae
601 948 770 1024 circumque
789 964 937 1026 supraque

127 1036 263 1095 adsuetae
286 1035 356 1110 ripis
374 1032 506 1091 volucres
529 1041 556 1090 et
576 1030 704 1090 lluminis
726 1029 806 1090 alreo

127 1118 245 1180 aethera
268 1114 436 1176 mulcebant
457 1122 545 1175 cantu
567 1114 693 1189 lucoque
711 1113 855 1175 volabant

127 1202 247 1262 flectere
269 1202 324 1259 iter
344 1201 429 1258 sociis
448 1208 601 1274 terraeque
621 1197 774 1258 advertere
793 1215 897 1276 proras
1105 1215 1142 1264 35

128 1289 251 1363 imperat
274 1292 302 1342 et
322 1283 414 1342 iaetus
437 1280 523 1341 iiurio
546 1280 676 1341 succedit
696 1299 842 1363 opacos,

170 1369 253 1428 Nunc
275 1385 337 1445 age,
358 1367 407 1444 qui
428 1381 522 1441 reges,
544 1365 641 1433 Erato,
665 1380 740 1441 quae
759 1373 890 1442 tempora
912 1380 1022 1434 rerum,

127 1452 191 1531 quis
216 1452 294 1511 Latio
317 1451 435 1527 antiquo
457 1448 545 1509 luerit
567 1455 667 1517 status,
690 1448 799 1507 advena
817 1447 938 1508 classem

129 1536 341 1612 cumprimum
363 1533 498 1592 Ausoniis
521 1533 665 1592 exercitus
687 1531 797 1609 appulit
818 1533 887 1605 oris,

127 1619 280 1697 expediam
302 1626 330 1677 et
350 1617 461 1694 primae
481 1615 624 1676 revocabo
645 1615 763 1675 exordia
784 1633 908 1692 pugnae.
1110 1624 1148 1676 40

127 1713 158 1761 tu
182 1710 284 1773 ratem,
306 1710 347 1770 tu,
370 1701 443 1768 diva,
465 1718 561 1759 mone.
598 1699 691 1759 dicam
716 1699 835 1759 horrida
855 1697 941 1768 bella,

128 1785 222 1845 dicam
245 1785 322 1844 acies
344 1792 481 1860 actosque
506 1784 608 1842 animis
631 1784 659 1841 in
682 1782 785 1842 lunera
806 1799 892 1860 reges

127 1867 367 1945 Tyrrhenamque
390 1884 507 1924 manum
530 1874 678 1942 totamque
699 1866 754 1926 sub
777 1884 857 1927 arma
879 1872 1010 1928 condam

128 1951 308 2026 llesperiam.
341 1950 433 2008 maior
455 1966 554 2009 rerum
578 1948 648 2007 mihi
669 1950 799 2010 nascitur
820 1949 902 2019 ordo,

128 2036 220 2092 maius
243 2049 315 2109 opus
335 2049 448 2092 moveo.

450 2133 501 2175 rex
523 2133 590 2175 arva
612 2115 732 2176 Latinus
752 2125 781 2178 et
802 2116 891 2176 nrbes

129 2201 185 2260 iam
207 2200 304 2258 senior
327 2198 411 2274 longa
434 2197 562 2276 placidas
584 2200 612 2258 in
632 2218 703 2277 pace
726 2199 856 2276 regebat

128 2283 208 2343 bunc
227 2282 327 2342 Fauno
349 2290 376 2341 et
396 2283 524 2361 nympha
547 2284 675 2361 genitum
698 2283 843 2345 Laurente
863 2282 974 2345 blarica

130 2366 297 2443 accipimus,
321 2365 421 2425 Fauno
443 2368 530 2427 l’icus
551 2374 633 2444 pater
656 2367 737 2446 isque
758 2374 911 2445 parentem

128 2458 166 2517 te,
188 2450 322 2519 Saturne,
345 2450 444 2521 refert,
468 2458 499 2510 tu
518 2452 667 2527 sanguinis
689 2450 806 2511 ultimus
826 2458 937 2512 auctor.

129 2533 206 2594 iilius
228 2534 295 2594 huie
317 2534 376 2593 lato
397 2535 493 2594 divom
513 2533 669 2613 prolesque
691 2534 779 2594 virilis
1114 2544 1153 2597 ⁶0

128 2616 208 2678 nulla
230 2619 283 2678 luit
304 2619 456 2696 primaque
477 2620 573 2679 oriens
597 2626 695 2696 erepta
718 2620 832 2679 iuventa
854 2625 907 2678 est.

128 2700 190 2762 sola
214 2702 333 2761 domum
356 2713 384 2762 et
405 2711 498 2762 tantas
522 2701 656 2762 servabat
675 2702 732 2762 iilia
753 2702 846 2770 sedes,

128 2804 185 2844 ram
208 2792 321 2844 matura
343 2786 414 2854 viro,
437 2788 495 2845 iam
518 2784 610 2862 plenis
632 2785 739 2846 nubilis
762 2785 853 2845 annis.

129 2868 211 2927 multi
234 2866 311 2926 illam
333 2885 438 2944 magno
462 2886 477 2927 e
498 2867 579 2927 Latio
601 2875 719 2945 totaque
741 2868 878 2947 petebant

128 2951 263 3010 Ausonia.
296 2953 370 3028 petit
392 2958 457 3009 ante
479 2948 549 3008 alios
571 2949 788 3027 pulcherrimus
810 2952 904 3012 omnis
1116 2968 1154 3021 ur

129 3038 253 3101 Turnus,
279 3034 337 3092 avis
360 3033 505 3110 atan‘sque
528 3041 641 3110 potens,
665 3053 751 3112 quem
773 3037 853 3114 regia
876 3038 1005 3098 coniunx

128 3116 246 3191 adiungi
271 3134 411 3192 generum
434 3118 508 3177 miro
528 3117 707 3195 properabat
727 3137 841 3189 amore:

128 3199 178 3259 sed
193 3200 277 3259 variis
299 3208 434 3277 portenta
454 3201 540 3261 deum
562 3201 725 3263 terroribus
746 3205 869 3264 obstant.

127 3283 228 3343 laurus
251 3294 313 3345 erat
334 3288 402 3345 tecti
424 3286 519 3346 medio
541 3288 569 3346 in
588 3287 785 3362 penetralibus
808 3286 880 3355 altis,

127 3385 210 3428 sacra
231 3385 344 3430 comam
361 3369 526 3448 multosque
546 3377 625 3430 metu
647 3379 758 3431 servata
775 3389 828 3449 per
847 3388 948 3439 annos,

127 3468 215 3528 quam
236 3460 319 3531 pater
341 3456 495 3524 inventam,
517 3454 626 3533 primas
648 3472 714 3514 cum
737 3455 876 3515 conderet
898 3468 992 3522 arces,
1117 3464 1158 3523 σο
