2400 3878
132 176 193 240 248
459 190 602 238 venenu
618 190 742 239 annuis
758 192 822 238 v111

133 353 196 408 tum
216 365 320 408 manus
338 349 465 408 Ausonia
488 356 516 408 et
537 354 639 425 gentes
659 364 767 408 venere
789 347 920 416 Sicanae,

132 432 248 511 saepius
266 439 295 492 et
315 449 424 493 nomeu
443 433 542 510 posuit
560 431 696 491 Saturnia
718 429 821 499 tellus;

132 523 194 576 tum
213 533 299 594 reges
320 531 466 594 asperque
487 515 608 575 immani
630 532 756 594 corpore
778 514 913 593 Thybris,
1097 525 1154 578 000

132 617 228 678 aquo
250 608 317 677 post
340 598 403 659 Itali
425 599 545 660 fluvium
567 599 742 675 cognomine
764 598 905 678 Thybrim

132 683 256 745 diximus
275 683 380 760 (amisit
402 701 505 744 verum
522 691 606 743 vetus
629 681 732 744 Albula
754 684 883 763 nomen).

131 787 179 830 me
201 766 319 846 pulsum
341 769 435 846 patria
457 766 612 846 pelagique
634 775 765 828 extrema
786 776 956 846 sequentem

131 853 248 914 fortuna
271 854 455 929 omnipotens
477 858 505 912 et
527 850 714 912 ineluctabile
736 851 828 912 fatum

133 938 178 997 bis
200 953 326 1014 posuere
347 935 421 996 loeis
442 937 603 1014 matrisque
625 953 713 1014 egere
735 936 888 997 tremenda
1097 944 1152 996 005

132 1021 294 1082 Carmentis
315 1019 461 1100 nymphae
483 1021 593 1080 monita
616 1028 646 1080 et
664 1020 735 1080 deus
758 1026 861 1080 auctor
882 1019 996 1099 Apollo.

131 1107 177 1164 vix
200 1122 233 1165 ea
252 1104 344 1165 dicta:
368 1103 474 1165 dehinc
492 1121 668 1182 progressus
690 1111 835 1165 monstrat
859 1112 887 1165 et
904 1122 985 1165 aram

132 1195 161 1249 et
184 1185 397 1249 Carmentalem
416 1185 542 1248 Romani
564 1189 682 1247 nomine
701 1197 818 1267 portam
1084 1189 1087 1194 ’

132 1290 219 1352 quam
241 1279 416 1342 memorant,
439 1271 587 1351 nymphae
609 1273 741 1350 priscum
763 1273 927 1334 Carmentis
950 1272 1106 1349 honorem,

131 1358 202 1416 vatis
224 1355 368 1427 fatidicae,
388 1356 494 1417 cecinit
516 1374 592 1434 quae
614 1357 709 1435 prima
731 1357 845 1418 futuros
1096 1364 1153 1417 340

132 1441 281 1502 Aeneadas
304 1458 427 1518 magnos
449 1447 479 1501 et
498 1439 598 1501 nobile
619 1439 810 1503 Pallanteum.

131 1525 201 1586 binc
219 1523 318 1586 lucum
341 1526 490 1602 ingentem
510 1543 598 1603 quem
621 1524 764 1586 Romulus
784 1544 852 1587 acer
874 1524 993 1604 Asylum

131 1609 243 1671 rettuht
265 1617 294 1670 et
315 1608 410 1687 gelida
432 1616 578 1671 monstrat
597 1609 652 1670 sub
675 1629 750 1689 rupe
771 1609 924 1688 Lupercal,

132 1693 288 1754 Parrhasio
310 1693 419 1754 dictum
441 1693 538 1754 Panos
559 1694 596 1755 de
618 1712 701 1756 more
723 1695 837 1774 Lycaei.

132 1795 187 1838 nco
208 1795 267 1836 non
288 1785 318 1838 et
337 1779 414 1837 sacri
434 1785 579 1837 monstrat
601 1796 705 1839 nemus
726 1778 847 1856 Argileti
1095 1783 1151 1836 045

131 1866 312 1939 testaturque
340 1859 438 1921 locum
461 1869 490 1921 et
511 1861 602 1921 letum
626 1861 711 1922 docet
730 1862 853 1941 hospitis
873 1862 953 1938 Argi.

131 1945 200 2005 binc
219 1944 255 2004 ad
275 1943 431 2022 Tarpeiam
453 1944 555 2005 sedem
573 1951 602 2005 et
623 1944 762 2023 Capitolia
782 1946 871 2015 ducit,

131 2047 219 2090 aurea
239 2045 329 2098 nunc,
351 2027 420 2088 olim
441 2027 623 2089 silvestribus
648 2027 768 2089 horrida
792 2030 898 2091 dumis.

130 2115 188 2174 lam
209 2119 273 2172 tum
294 2109 396 2192 religio
419 2111 539 2192 pavidos
561 2107 694 2173 terrebat
714 2115 839 2192 agrestis

131 2197 194 2258 dira
216 2195 281 2266 loci,
302 2197 359 2256 iam
381 2204 444 2257 tum
468 2196 568 2257 silvam
590 2214 751 2277 saxumque
773 2199 949 2259 tremebant.
1096 2202 1152 2255 050

132 2281 203 2341 ‘boc
226 2298 339 2352 nemus,
358 2278 452 2342 hunc'
472 2280 569 2358 inquit
589 2281 744 2341 ‘frondoso
764 2283 873 2343 vertice
891 2282 995 2344 collem

132 2365 207 2446 (quis
229 2363 301 2426 deus
323 2365 470 2427 incertum
491 2365 543 2445 est)
563 2365 675 2426 habitat
697 2367 784 2427 deus:
806 2367 936 2428 Arcades
957 2369 1054 2445 ipsum

131 2450 258 2511 credunt
278 2467 309 2510 se
331 2450 436 2511 vidisse
459 2449 566 2522 lovem,
591 2469 659 2511 cum
681 2469 770 2531 saepe
792 2453 959 2530 nigrantem

131 2534 234 2612 aegida
254 2541 425 2595 concuteret
447 2534 551 2596 dextra
570 2535 747 2615 nimbosque
767 2537 867 2597 cieret.

130 2619 205 2680 haee
226 2618 284 2680 duo
307 2628 461 2698 praeterea
484 2619 613 2681 disiectis
635 2620 742 2700 oppida
764 2623 865 2688 muris,
1097 2622 1155 2676 055

131 2702 269 2783 reliquIas
293 2711 486 2783 veterumque
507 2704 588 2766 rides
610 2707 789 2766 monimenta
812 2707 952 2766 virorum.

131 2787 208 2847 hanc
230 2786 318 2848 lanus
337 2796 431 2866 pater,
454 2789 530 2848 hanc
553 2787 697 2850 Saturnus
716 2789 847 2851 condidit
868 2806 982 2849 arcem:

132 2869 293 2930 ianiculum
314 2869 393 2940 huie,
416 2871 456 2931 illi
479 2871 576 2932 iuerat
598 2873 735 2934 Saturnia
756 2870 883 2932 nomen'

62 3029 65 3034 Ι
131 2951 239 3013 talibus
261 2955 338 3013 inter
360 2971 392 3014 se
412 2954 496 3014 dictis
519 2955 555 3015 ad
577 2963 654 3017 tecta
675 2955 814 3017 subibant

130 3038 270 3116 pauperis
290 3036 421 3098 Euandri
441 3039 611 3119 passimque
632 3045 764 3101 armenta
783 3036 921 3098 videbant
1096 3044 1155 3098 000

131 3119 325 3199 Romanoque
347 3121 412 3182 loro
436 3131 465 3184 et
483 3122 569 3184 lautis
592 3125 706 3201 mugire
726 3121 850 3182 Carinis.

131 3211 164 3267 ut
185 3212 304 3266 ventum
327 3204 364 3266 ad
387 3206 481 3278 sedes,
506 3206 609 3268 ‘haec'
631 3208 727 3284 inquit
748 3204 861 3265 ‘limina
883 3206 974 3266 victor

130 3285 248 3350 Alcides
315 3290 370 3360 tiit,
391 3289 465 3352 haec
487 3290 569 3352 illum
591 3291 672 3368 regia
694 3289 780 3367 cepit.

131 3371 216 3445 *ude
238 3373 267 3434 bt
351 3419 356 3441 ‚
381 3383 571 3437 contemnere
595 3390 665 3452 opes
689 3380 717 3434 et
739 3380 768 3434 te
789 3391 907 3453 quoque
928 3373 1048 3452 dignum

275 3475 283 3516 s
303 3475 453 3539 rebusque
474 3459 540 3520 reni
558 3475 618 3517 non
642 3475 728 3537 asper
751 3457 870 3536 egenis!
1096 3466 1152 3521 565
