2400 3878
425 245 570 295 vneonn
590 244 717 293 nauum
739 245 752 290 r
1053 230 1092 293 et

82 404 121 462 sis
142 400 225 472 felix,
249 409 442 482 nostrumque
462 399 541 462 leves
564 417 767 478 quaecumque
784 399 926 470 laborem,
1043 408 1096 463 ado

83 495 126 555 et,
145 504 203 563 quo
222 485 276 546 suh
300 484 380 546 caelo
401 484 534 552 tandem,
557 483 663 562 quibus
682 483 761 543 orbis
781 484 811 542 in
835 485 894 545 oris

81 567 242 639 iactemur,
261 569 380 636 doceas;
400 569 494 646 ignari
515 567 726 646 hominumque
745 566 937 647 locorumque

82 670 231 722 erramus,
254 662 339 713 vento
361 652 421 712 huc
442 653 527 711 vastis
547 659 576 711 et
593 651 732 712 fluctibns
755 652 828 711 acti:

82 735 172 795 muita
193 735 246 796 tihi
268 745 335 796 ante
357 753 422 796 aras
445 744 546 795 nostra
568 734 653 796 cadet
674 735 768 795 hostia
791 731 918 794 dextra'

123 818 199 879 Turn
218 818 330 880 Venus:
359 818 446 880 ‘haut
465 819 600 897 equidem
620 818 671 878 tali
686 837 733 879 me
748 819 853 894 dignor
868 817 999 886 honore:
1044 829 1095 882 335

81 902 242 980 virginibus
260 903 356 982 Tyriis
381 920 445 962 mos
467 910 511 963 est
535 910 650 978 gestare
670 904 840 979 pharetram

81 1003 290 1065 purpureoque
312 987 368 1046 alte
389 1003 473 1047 suras
494 987 604 1046 vincire
621 987 776 1046 cothurno.

81 1069 190 1129 Punica
212 1088 303 1148 regna
322 1071 417 1138 vides,
437 1070 541 1148 Tyrios
560 1077 589 1130 et
610 1069 753 1147 Agenoris
774 1068 893 1135 urbem:

81 1152 131 1212 sed
146 1153 219 1213 fines
237 1153 352 1232 Libyci,
375 1171 467 1231 genus
489 1153 671 1214 intractabile
689 1152 776 1215 hello.

82 1236 237 1314 imperium
256 1237 329 1297 Dido
346 1237 434 1316 Tyria
455 1239 531 1312 regit
551 1237 626 1297 urhe
647 1237 796 1314 profecta,

82 1335 255 1395 germanum
275 1321 398 1396 fugiens.
441 1319 528 1396 longa
551 1327 595 1380 est
615 1321 736 1388 iniuria,
758 1322 863 1396 longae

82 1402 236 1480 ambages:
259 1402 312 1462 sed
324 1422 439 1463 summa
460 1420 567 1481 sequar
589 1404 700 1478 fastigia
721 1421 832 1463 rerum.

82 1485 151 1545 huic
174 1487 301 1545 coniunx
322 1486 470 1563 Sychaeus
493 1495 569 1554 erat,
593 1486 750 1544 ditissimus
772 1487 837 1546 auri

82 1570 277 1638 Phoenicum,
303 1577 331 1629 et
352 1586 458 1646 magno
478 1570 604 1628 miserae
620 1567 744 1628 dilectus
765 1585 881 1638 amore,

83 1653 130 1712 cui
151 1661 235 1729 pater
253 1655 389 1713 intactam
412 1652 532 1713 dederat
553 1653 714 1730 primisque
736 1652 850 1729 iugarat

83 1735 239 1795 ominibus.
284 1737 336 1796 sed
358 1753 448 1812 regna
471 1736 540 1815 Tyri
560 1752 719 1811 germanus
740 1734 868 1797 habehat

82 1818 265 1898 Pygmalion,
289 1819 402 1881 scelere
420 1829 488 1880 ante
510 1820 582 1880 ahos
600 1821 755 1880 immanior
777 1821 880 1879 omnio.

83 1920 156 1980 quos
177 1904 253 1964 inter
274 1903 387 1965 medius
407 1906 485 1964 venit
507 1903 600 1963 furor.
645 1902 692 1962 ille
715 1903 878 1983 Sychaeum

81 1987 188 2064 impius
210 1994 277 2047 ante
298 2005 364 2048 aras
385 1996 472 2065 atque
494 1989 559 2047 auri
582 2005 687 2047 caecus
712 2005 813 2047 amore

83 2070 158 2131 ciam
178 2070 258 2130 ferro
280 2074 429 2132 incautum
447 2080 583 2148 superat,
603 2088 725 2130 securus
743 2089 877 2130 amorum

82 2171 253 2230 germanam
275 2157 443 2233 factumque
463 2156 513 2216 diu
536 2155 651 2223 celavit,
675 2162 703 2214 et
724 2172 843 2231 aegram

82 2237 172 2299 muita
197 2239 290 2299 malus
310 2238 450 2300 simulans
471 2257 544 2299 vana
566 2257 619 2316 spe
636 2238 706 2298 lusit
727 2245 881 2299 amantem.

81 2338 145 2398 ipsa
166 2322 261 2383 sedin
282 2326 391 2383 somnis
412 2324 554 2384 inhumati
575 2324 653 2382 venit
669 2324 765 2399 imago

83 2406 230 2481 coniugis;
253 2424 305 2467 ora
322 2408 416 2468 modis
436 2406 570 2466 attollens
592 2404 698 2481 pallida
719 2408 800 2465 miris

84 2488 210 2549 crudelis
232 2506 298 2549 aras
318 2491 497 2565 traiectaque
517 2495 636 2563 pectora
660 2488 739 2547 ferro
1044 2497 1094 2550 355

83 2572 216 2640 nudavit,
240 2590 417 2651 caecumque
437 2573 542 2630 domus
559 2568 655 2628 scelus
677 2588 764 2629 omne
782 2571 896 2628 retexit.
927 2607 988 2662 ,V
1028 2579 1095 2639 s

84 2663 146 2715 tum
167 2654 298 2716 celerare
320 2656 419 2732 fugam
440 2656 592 2730 patriaque
615 2652 758 2712 excedere
777 2652 895 2721 suadet,

83 2737 280 2817 auxiliumque
302 2741 363 2799 viae
385 2739 491 2798 veteris
506 2735 611 2796 tellure
628 2734 755 2796 recludit

84 2822 272 2893 thensauros,
294 2825 427 2899 ignotum
448 2821 561 2896 argenti
583 2820 699 2896 pondus
722 2828 750 2880 et
772 2820 845 2880 auri.

82 2907 128 2967 his
150 2915 295 2967 commota
315 2909 415 2983 fugam
438 2904 510 2966 Dido
532 2905 686 2981 sociosque
703 2903 835 2982 parabat.
1044 2915 1095 2968 360

84 2993 274 3060 conveniunt,
298 2991 404 3070 quihus
426 2996 477 3051 aut
500 2989 599 3048 odium
622 2987 741 3049 crudele
764 2987 879 3067 tyranni

83 3081 134 3133 aut
154 3084 249 3135 metus
270 3094 339 3136 acer
362 3080 440 3147 erat;
463 3073 558 3142 naviS,
579 3089 654 3150 qnae
677 3072 752 3132 sorte
774 3080 907 3149 paratae,

84 3161 245 3237 corripiunt
265 3167 445 3238 onerantque
468 3175 550 3218 auro.
593 3163 748 3233 portantur
767 3155 846 3214 avari

84 3243 277 3325 Pygmalionis
301 3262 372 3321 opes
393 3242 510 3320 pelago;
533 3241 592 3299 dux
613 3240 720 3299 semina
741 3239 817 3298 iacti.

85 3332 229 3392 devenere
249 3329 345 3397 locos,
367 3327 418 3387 ubi
438 3343 516 3385 nunc
538 3325 666 3401 ingentia
688 3340 792 3383 cernes
1043 3331 1094 3385 ace

85 3415 198 3487 moenia
224 3419 450 3489 surgentemque
472 3425 564 3468 novae
583 3407 767 3484 Karthaginis
789 3423 895 3465 arcem.

86 3497 280 3575 [mercatique
299 3495 407 3564 solum,
429 3494 494 3554 facti
515 3492 688 3553 denomino
711 3492 844 3565 Byrsam,
