2400 3878
421 220 705 270 vrncrnrrnunrs
722 221 785 268 v111
1044 207 1106 270 249

100 375 171 436 dixit
192 382 221 434 et
241 376 356 453 angusti
378 381 479 452 supter
500 375 612 453 fastigia
631 375 700 435 tecti

100 463 248 534 ingentem
267 459 385 518 Aenean
404 458 486 519 duxit
504 459 658 537 stratisque
679 456 783 517 locavit

101 540 231 602 edultum
253 540 330 601 foliis
352 547 380 601 et
400 541 476 621 pelle
498 540 653 619 Libystidis
675 539 771 600 ursae.

142 623 206 684 Nox
226 625 286 684 ruit
307 633 335 684 et
356 624 446 685 fuscis
467 622 601 685 tellurem
623 617 806 701 amplectitur
828 623 890 683 alis.

100 715 129 767 at
150 705 248 767 Venus
268 707 340 767 haut
361 708 457 768 animo
478 708 656 786 nequiquam
680 707 816 767 exterrita
834 713 927 766 mater
1054 714 1106 766 870

100 789 338 870 Laurentumque
357 791 444 852 minis
465 797 494 850 et
516 789 591 851 duro
612 796 692 850 mota
712 789 838 850 tumultu

99 872 258 934 Volcanum
282 873 449 953 adloquitur
471 871 658 950 thalamoque
677 874 751 933 haec
772 874 903 950 coniugis
924 891 1014 935 aureo

98 956 200 1034 incipit
223 966 251 1017 et
273 958 357 1018 dictis
382 957 511 1018 divinum
533 956 662 1035 adspirat
682 975 828 1016 amorem:

101 1039 186 1101 ‘dum
204 1039 281 1101 bello
302 1040 430 1119 Argolici
449 1040 599 1101 vastabant
619 1040 761 1116 Pergama
783 1057 869 1116 reges

100 1122 198 1184 dehita
221 1141 398 1201 casurasque
419 1124 545 1184 inimicis
563 1122 680 1199 ignibus
697 1141 790 1191 arces,
1055 1132 1107 1184 tvo

100 1223 159 1266 non
180 1205 272 1267 ullum
293 1206 432 1268 auxilium
452 1209 576 1277 miseris,
599 1224 659 1286 uon
680 1224 761 1284 arma
782 1209 880 1286 rogavi

101 1290 172 1350 artis
193 1292 315 1369 opisque
336 1298 404 1351 tuae
426 1308 482 1351 nec
501 1299 540 1362 te,
564 1291 713 1351 carissime
736 1291 869 1360 coniunx,

99 1374 280 1434 incassumve
298 1382 365 1434 tuos
386 1373 464 1441 volui
487 1392 627 1451 exercere
649 1373 776 1443 labores,

100 1458 230 1536 quamvis
252 1466 281 1518 ct
301 1448 410 1519 Priami
427 1457 566 1518 deberem
585 1456 711 1535 plurima
729 1459 804 1518 natis

101 1547 130 1602 et
153 1540 260 1601 durum
280 1545 396 1603 Aeneae
416 1539 561 1602 flevissem
583 1558 671 1620 saepe
690 1539 832 1601 laborem.

99 1641 178 1685 nunc
198 1625 273 1685 lovis
295 1625 425 1704 imperiis
443 1623 618 1686 Rutulorum
641 1625 769 1702 constitit
791 1626 864 1685 oris:

101 1725 171 1785 ergo
193 1708 294 1768 eadem
315 1707 436 1786 supplex
457 1710 542 1769 venio
564 1715 592 1770 et
612 1708 754 1786 (sanctum
773 1707 843 1767 mihi
864 1709 981 1785 nomen)

100 1808 181 1850 arma
201 1809 274 1869 rogo
294 1793 426 1869 genetrix
447 1800 525 1852 nato.
558 1801 587 1852 te
608 1790 665 1852 filia
687 1791 782 1864 Nerei,

100 1881 130 1933 te
151 1875 244 1952 potuit
263 1874 390 1935 lacrimis
411 1874 546 1949 Tithonia
566 1875 686 1936 flectere
708 1876 844 1935 coniunx.

101 1959 200 2034 aspice
224 1960 274 2036 qui
296 1966 400 2019 coeant
419 1957 527 2036 populi,
549 1977 623 2037 quae
643 1960 758 2020 moenia
778 1956 883 2018 clausis

101 2038 214 2100 serrum
236 2047 342 2101 acuant
363 2043 455 2121 portis
475 2044 506 2101 in
526 2060 573 2103 me
595 2042 798 2120 excidiumque
820 2042 974 2123 meorum!

100 2123 212 2184 dixerat
234 2133 263 2185 et
285 2125 376 2186 niveis
397 2124 466 2199 blnc
488 2132 575 2203 atquo
596 2127 665 2186 hinc
683 2127 748 2186 diva
769 2124 886 2185 lacertis

100 2213 283 2268 cunctantem
306 2207 442 2288 amplexu
464 2207 544 2269 molli
565 2209 652 2287 fovet.
685 2208 733 2271 ille
754 2216 876 2286 repente

99 2291 211 2369 accepit
233 2290 346 2352 solitam
365 2291 523 2363 flammam,
545 2300 690 2372 notusque
708 2291 850 2353 medullas

98 2374 214 2434 intravit
235 2373 314 2435 calor
337 2381 365 2436 et
386 2374 529 2437 labefacta
555 2394 609 2454 per
630 2394 695 2437 ossa
718 2376 862 2437 cucurrit:

98 2475 158 2517 non
180 2476 264 2519 secus
284 2465 371 2536 atquo
393 2458 462 2519 olim
481 2459 591 2519 tonitru
609 2476 676 2522 cum
695 2465 781 2536 rupta
801 2474 925 2518 corusco

98 2542 183 2619 ignea
205 2543 279 2602 rima
302 2543 412 2613 uticam
433 2543 582 2621 percurrit
601 2541 713 2609 lumino
732 2541 858 2600 nimbos.

98 2626 188 2699 sensit
207 2625 282 2685 laeta
303 2624 376 2689 dolis
394 2633 423 2686 et
444 2626 556 2685 formae
576 2625 690 2685 conscia
712 2624 848 2683 coniunx.

99 2713 161 2768 tum
182 2716 265 2786 pater
287 2714 407 2769 aeterno
431 2707 508 2769 latur
530 2709 680 2769 devinctus
703 2724 803 2767 amore

99 2791 185 2868 ‘quid
207 2809 309 2852 causas
331 2792 406 2870 petis
428 2810 463 2853 ex
486 2792 561 2852 altoi
583 2791 689 2851 fiducia
707 2790 793 2850 cessit

101 2893 159 2953 quo
180 2874 243 2944 tibi,
267 2875 340 2944 diva,
361 2876 437 2936 mei?
468 2873 570 2935 similis
590 2874 615 2934 si
637 2873 838 2948 emeruisset,

97 2963 160 3018 tum
182 2976 299 3038 quoque
322 2959 366 3020 ias
385 2957 472 3018 nobis
493 2957 625 3019 Teucros
646 2975 762 3018 armare
784 2956 902 3017 inisset:

98 3058 153 3101 nec
172 3051 255 3120 pater
274 3043 458 3122 omnipotens
479 3041 597 3101 Troiam
617 3058 672 3101 nec
693 3042 751 3102 iata
768 3040 903 3101 vetabant

98 3131 176 3184 stare
196 3124 357 3204 decemque
375 3124 448 3186 alios
469 3124 619 3184 Priamum
639 3142 793 3203 superesse
814 3142 868 3201 per
890 3141 991 3182 annos.

100 3214 128 3266 et
148 3224 236 3277 nunc,
257 3210 281 3268 si
302 3207 413 3269 bellare
430 3225 519 3285 paras
543 3215 631 3285 atque
652 3207 725 3268 haec
746 3206 798 3267 tibi
820 3223 903 3266 mens
926 3214 977 3274 est,
1055 3211 1106 3262 wo

99 3288 241 3367 quidquid
261 3293 291 3350 in
312 3299 374 3351 arte
393 3309 458 3352 mea
477 3308 597 3368 possum
618 3293 789 3368 promittere
811 3306 909 3356 curae,
987 3359 988 3362 Ἴ

99 3372 179 3449 quod
197 3373 261 3433 ficri
282 3374 361 3434 ierro
382 3373 529 3452 liquidove
547 3379 644 3451 potest
666 3372 783 3441 electro,

100 3463 240 3535 quantum
263 3457 346 3533 ignes
367 3458 538 3535 animaeque
559 3455 665 3526 valent,
688 3453 795 3515 absiste
816 3452 965 3531 precando
