2400 3878
393 202 678 252 vuuorrraeurus
695 202 744 250 vu
1010 185 1072 251 227

59 363 261 441 Ledaeamque
283 360 426 422 Helenam
448 358 589 420 Troianas
611 359 745 420 veritati
770 359 877 420 urbest

60 446 128 526 quid
149 454 199 507 tua
220 453 320 507 saneta
341 443 433 506 fldesi
456 443 526 521 quiri
548 460 619 504 cura
642 443 759 522 antiqua
781 451 900 505 tuorum
1021 447 1075 501 sec

59 540 88 593 et
110 531 326 607 consanguinee
349 530 458 590 totiens
479 527 546 589 data
569 527 689 589 dextera
711 527 832 588 Turnoi

58 617 82 676 si
104 632 196 694 gener
216 622 335 674 externa
357 614 466 691 petitur
488 610 525 672 de
548 618 635 688 gente
658 612 767 673 Latinis

58 699 146 779 idque
164 697 247 760 sedet
268 697 421 776 Faunique
441 704 580 774 premunt
600 703 630 757 te
650 698 728 758 iussa
750 697 889 775 percutis,

59 801 177 844 omnem
197 782 334 862 equidem
355 783 480 860 sceptris
497 788 608 841 terram
631 799 706 860 quae
723 780 817 842 libera
839 781 947 842 nostris

59 866 188 937 dissidet,
210 873 362 927 externam
384 883 453 927 reor
476 873 505 927 et
527 866 570 927 sic
591 864 692 926 dicere
714 866 804 926 divos.

59 959 88 1013 et
109 951 219 1020 Turne,
242 951 266 1011 si
283 951 379 1029 prima
401 951 506 1011 domus
527 956 679 1029 repetatur
698 951 791 1027 origo,

58 1035 184 1097 Inachus
205 1035 395 1114 Acrisiusque
418 1044 518 1114 patres
540 1035 714 1114 mediaeque
734 1034 893 1113 Mycenae!

100 1119 151 1181 His
172 1118 224 1180 ubi
244 1121 421 1198 nequiquam
443 1118 529 1180 dictis
548 1126 669 1199 experta
689 1118 825 1179 Latinum

59 1212 161 1265 contre
182 1211 261 1264 stare
282 1203 360 1265 ridet
378 1205 556 1284 penitusque
577 1205 608 1266 in
629 1205 742 1265 viscera
763 1203 877 1281 lapsum

59 1289 204 1366 serpentis
224 1286 329 1348 iuriaie
351 1287 459 1349 malum
482 1295 634 1366 totamque
655 1296 799 1366 pererrat,

58 1380 121 1434 tum
137 1389 207 1432 vero
230 1370 340 1442 infelix,
363 1370 530 1450 ingentibus
553 1375 647 1433 excita
669 1373 819 1440 monstris,

59 1459 236 1517 immensum
254 1456 318 1515 sine
338 1472 423 1515 more
444 1455 515 1515 furit
534 1455 683 1535 lymphata
705 1472 760 1533 per
781 1453 897 1515 urbem.

60 1559 114 1602 ceu
134 1537 283 1618 quourmm
302 1545 380 1598 torto
404 1537 526 1598 volitans
543 1537 598 1599 sub
620 1537 744 1599 verbere
763 1536 861 1607 turbo,

60 1642 146 1704 quem
168 1625 254 1701 pueri
275 1638 383 1700 magno
405 1622 436 1682 in
458 1639 531 1701 gyro
553 1640 644 1683 vacua
666 1622 741 1683 atrla
762 1622 873 1684 circum

59 1709 162 1769 intenti
182 1706 251 1769 ludo
272 1714 410 1768 exercent
433 1704 490 1783 (iiie
512 1714 594 1768 actus
616 1704 732 1767 habena

60 1792 185 1854 curratis
206 1792 299 1852 fertur
321 1790 437 1870 spatiis:
461 1799 558 1869 stupet
574 1791 666 1851 inscia
688 1808 778 1869 supra

59 1875 244 1956 inpubesque
265 1891 378 1945 manus,
402 1877 508 1935 mirata
530 1874 658 1936 volubile
679 1873 806 1944 hurum;

60 1962 129 2022 dant
151 1962 264 2020 animes
282 1958 410 2056 plagae):
433 1977 497 2041 nen
517 1977 607 2021 cursu
630 1961 749 2038 segnior
770 1959 819 2021 iiio

59 2063 113 2127 per
134 2045 245 2106 medias
266 2043 356 2106 urbes
378 2044 474 2121 agitur
496 2042 680 2123 populosque
701 2043 826 2109 feroces.

60 2130 240 2208 quinetiam
261 2129 291 2188 in
315 2127 410 2199 silvas,
433 2126 568 2190 simulate
592 2129 712 2189 numine
733 2129 851 2200 Bacchi,

59 2215 154 2275 maius
176 2214 278 2274 adorta
296 2213 378 2274 nefas
400 2212 601 2293 maioremque
623 2229 691 2274 orsa
711 2211 842 2275 furorem

60 2297 153 2358 evolat
175 2306 203 2358 et
218 2303 317 2358 natam
334 2297 482 2358 frondosis
503 2297 653 2358 montibus
674 2295 764 2368 abdit,

61 2399 118 2460 quo
140 2379 300 2441 thalamum
326 2383 431 2459 eripiat
452 2380 575 2441 Teucris
597 2380 756 2459 taedasque
774 2388 917 2452 moretur,

62 2463 171 2525 ‘euhoe
192 2461 324 2524 Bacche’
345 2464 484 2530 fremens,
507 2463 603 2525 solum
625 2471 655 2523 te
676 2465 791 2540 virgine
815 2464 935 2543 dignum

61 2548 235 2616 vociferans,
259 2547 368 2608 etenim
387 2544 483 2606 meliis
505 2545 558 2606 tibi
579 2564 698 2608 sumere
719 2547 845 2626 thyrsos,

62 2640 90 2693 te
111 2632 238 2692 lustrare
261 2629 362 2700 choro,
385 2647 503 2690 sacrum
524 2629 578 2690 tibi
599 2647 722 2708 pascere
745 2632 867 2692 crinem.

62 2717 140 2777 iama
162 2713 248 2784 volat,
272 2713 415 2793 furiisque
435 2731 574 2775 accensas
594 2721 714 2792 pectore
735 2722 845 2776 matres

62 2799 139 2862 idern
161 2799 256 2859 omnis
275 2796 363 2859 simul
384 2797 474 2860 ardor
496 2800 557 2876 agit
577 2817 651 2859 nova
674 2817 818 2879 quaerere
835 2805 927 2862 tecta:

62 2886 219 2947 deseruere
241 2883 353 2953 domos,
375 2884 469 2945 ventis
489 2883 558 2944 dant
581 2881 655 2945 colla
675 2901 832 2965 comesque

61 2970 290 3048 pampineasque
312 2976 419 3044 gerunt
438 2969 584 3030 incinctae
606 2966 730 3047 pellibus
751 2969 856 3031 hastas.

63 3064 108 3114 ast
129 3052 202 3115 alise
223 3051 356 3114 tremulis
378 3051 537 3115 ululatibus
559 3053 679 3115 aethera
700 3054 864 3133 complent:

63 3140 125 3217 ipsa
147 3138 224 3198 inter
245 3137 357 3199 medias
374 3137 549 3216 flagrantem
567 3137 679 3200 fervida
698 3139 801 3217 pinum

63 3222 186 3282 sustinet
204 3239 239 3283 ac
260 3229 347 3282 natae
366 3222 518 3302 Turnique
540 3223 618 3284 canit
638 3222 825 3300 hymenaeos,

64 3305 253 3383 sanguineam
274 3313 416 3384 torquens
438 3309 541 3378 aciem,
563 3315 737 3383 torvomque
758 3313 880 3384 repente

65 3389 170 3452 clamat
193 3391 237 3449 ‘io
258 3399 378 3466 matres,
400 3391 507 3463 audite,
530 3389 582 3451 ubi
602 3405 746 3469 quaeque,
771 3388 908 3450 honae:

66 3476 148 3554 siqua
169 3475 226 3554 piis
245 3474 350 3536 animis
370 3482 469 3540 manet
488 3474 612 3536 infelicis
632 3473 752 3535 Amatae

811 3571 873 3632 15*
