2400 3878
151 185 192 240 44
451 187 594 234 VERGILI
616 185 817 235 Guonolcon
839 187 865 232 lt

193 343 278 404 Nunc
300 342 384 403 locus
406 359 545 402 arvorum
567 340 706 416 ingeniis,
730 359 804 418 quae
826 338 935 399 robora
958 341 1076 419 cuique.

152 429 216 504 quis
239 425 335 495 color,
359 432 388 486 et
410 442 485 503 quae
507 425 544 484 sit
565 422 655 484 rebus
677 431 782 484 natura
805 423 941 484 ferendis.

152 508 282 571 difficiles
303 510 430 588 primum
453 516 549 568 terrae
572 505 720 585 collesque
741 505 868 584 maligni,

152 594 246 653 tenvis
267 591 317 652 ubi
339 589 440 668 argilla
463 598 491 651 et
513 590 642 650 dumosis
664 589 793 651 calcrdus
815 591 899 658 arvis,

152 675 278 736 Palladia
301 675 429 753 gaudent
450 673 520 734 silva
542 675 646 734 vivacis
669 673 769 734 olivae.

151 759 286 819 indiciest
307 765 401 819 tractu
424 774 548 835 surgens
570 755 694 818 oleaster
716 757 818 818 ecdem

151 841 295 920 plurimus
317 849 346 903 et
367 842 450 901 strati
471 840 551 901 bacis
574 839 754 901 silvestribus
776 841 848 916 agri.

152 933 181 986 at
203 942 277 1004 quae
299 927 414 1004 pinguis
437 924 543 985 humus
565 923 701 1002 dulcique
722 923 831 1001 uligine
852 921 935 992 laeta,

154 1011 261 1088 quique
284 1008 422 1087 frequens
444 1007 544 1068 herbis
565 1015 594 1067 et
616 1006 718 1068 fertilis
739 1007 832 1068 ubere
855 1024 974 1085 campus

153 1092 276 1170 (qualem
300 1109 387 1170 saepe
410 1110 478 1152 cava
500 1092 607 1151 mentis
629 1089 757 1151 convalle
779 1089 907 1150 solemus

153 1175 310 1253 dispicere:
333 1175 390 1234 boc
412 1176 533 1235 summis
554 1174 682 1234 licuntur
704 1173 827 1252 rupibus
849 1191 950 1232 amnes

152 1258 323 1337 felicemque
344 1257 466 1318 trahunt
486 1257 596 1336 limum)
620 1259 727 1335 quique
750 1257 843 1317 editus
866 1263 964 1317 austro

153 1349 181 1402 et
203 1342 308 1402 filicem
331 1343 427 1402 curvis
448 1341 569 1400 invisam
591 1341 683 1417 pascit
705 1343 825 1400 aratris:

153 1424 199 1486 hic
223 1425 273 1485 tibi
296 1424 474 1503 praevalidas
496 1425 565 1484 olim
587 1423 737 1503 multoque
759 1423 875 1485 fluentis

151 1509 276 1569 sufficiet
302 1510 413 1570 baccho
435 1509 513 1579 vitis,
536 1508 584 1568 bic
606 1507 707 1569 fertilis
728 1527 810 1575 uvae,

152 1592 199 1652 hic
221 1592 328 1662 leticia,
352 1592 468 1671 qualem
490 1593 598 1670 pateris
619 1591 744 1653 libamus
766 1599 794 1652 et
816 1610 897 1659 auro,

153 1675 260 1734 inflavit
283 1694 350 1736 curn
370 1677 489 1752 pinguis
512 1676 585 1735 ebur
607 1675 777 1753 Tyrrhenus
799 1675 835 1734 ad
858 1693 931 1741 aras,

150 1757 284 1818 lancibus
306 1764 334 1818 et
355 1759 458 1834 pandis
481 1757 618 1817 fumantia
642 1756 791 1816 reddimus
814 1764 887 1817 exta.

153 1842 196 1900 sin
219 1848 349 1900 armenta
372 1842 463 1917 magis
485 1840 612 1900 studium
634 1838 796 1917 vitulosque
818 1841 894 1900 tueri

150 1930 202 1984 aut
224 1925 321 1984 crium
343 1921 434 1983 fetum
457 1930 507 1984 aut
527 1924 640 1983 urentis
662 1920 739 1983 culta
761 1922 895 1999 capellas

151 2006 243 2066 saltus
266 2013 294 2066 et
314 2007 405 2067 saturi
427 2007 517 2084 petito
539 2005 697 2084 longinqua
719 2006 846 2074 Tarenti,

152 2096 181 2150 et
203 2088 318 2167 qualern
340 2088 439 2149 infelix
461 2090 556 2149 amisit
575 2089 691 2149 Mantua
715 2107 849 2167 campum
897 2123 901 2132 ·

153 2181 319 2250 pascentem
339 2174 440 2233 niveos
461 2173 588 2233 herboso
611 2171 730 2233 flumine
752 2191 872 2252 cycnos:

152 2272 211 2315 non
231 2255 332 2334 liquidi
353 2255 491 2332 gregibus
512 2257 620 2326 fontes,
643 2274 703 2314 nen
718 2259 849 2332 gramina
865 2257 984 2322 derunt:

153 2346 181 2399 et
202 2347 342 2418 quantum
364 2339 457 2416 longis
480 2345 601 2418 carpent
622 2347 752 2400 armenta
774 2340 886 2408 diebus,

153 2424 257 2499 exigua
278 2429 391 2483 tanturn
413 2422 527 2499 gelidus
548 2441 599 2482 ros
620 2430 707 2484 nocte
728 2431 860 2500 reponet.

152 2506 235 2584 nigra
259 2506 320 2568 fere
342 2514 371 2567 et
391 2524 493 2585 presse
516 2508 632 2584 pinguis
653 2506 707 2568 sub
730 2526 847 2568 vomere
869 2516 956 2575 terra,

153 2596 181 2650 et
203 2591 271 2668 quoi
293 2597 379 2668 putre
399 2589 494 2651 selum
516 2591 650 2670 (namque
671 2591 729 2652 hoc
751 2593 896 2651 imitamur
916 2589 1044 2666 arande),

153 2676 261 2752 optima
283 2675 452 2735 frumentis:
475 2693 534 2734 non
557 2673 616 2735 ullo
639 2694 674 2735 ex
696 2693 824 2753 aequore
847 2691 948 2734 cernes
1108 2685 1164 2739 205

152 2756 236 2833 plura
259 2758 379 2818 domum
400 2757 490 2817 tardis
512 2758 654 2818 decedere
676 2757 804 2834 plaustra
826 2756 962 2816 iuvencis.

153 2846 203 2899 aut
224 2840 301 2900 unde
323 2841 414 2900 iratus
435 2838 535 2899 silvarn
557 2841 670 2900 devexit
691 2848 788 2900 arator
824 2861 827 2866 ·

153 2929 182 2982 et
204 2940 324 2981 nemora
347 2923 450 2982 evertit
469 2922 576 2982 multos
599 2925 700 3000 ignava
721 2940 775 3001 per
796 2939 896 2990 annes,

153 3007 343 3083 antiquasque
365 3005 467 3065 domos
489 3007 584 3066 avium
607 3025 673 3067 curn
695 3004 832 3082 stirpibus
854 3005 917 3063 imis

153 3090 243 3148 eruit:
266 3087 331 3149 illae
353 3088 442 3148 altum
465 3089 539 3149 nidis
560 3092 671 3167 petiere
691 3087 808 3156 relictis,
1105 3100 1163 3157 210

153 3177 182 3231 at
202 3171 283 3231 rudis
306 3173 408 3231 enituit
429 3172 544 3250 inpulso
566 3190 683 3232 vomere
706 3188 833 3247 campus.

152 3271 219 3314 narn
241 3255 336 3314 ieiuna
359 3257 477 3333 quidem
499 3254 596 3315 clivosi
617 3254 713 3330 glarea
736 3255 814 3313 ruris

153 3339 199 3397 vix
220 3337 337 3398 humilis
359 3339 462 3415 apibus
484 3340 576 3398 casias
597 3354 754 3414 roremque
775 3338 932 3404 ministrat;

100 3496 104 3504 Ι
152 3428 181 3480 et
202 3420 278 3479 tofus
299 3420 403 3481 scaber
426 3429 455 3481 et
475 3421 566 3497 nigris
588 3437 673 3480 exesa
696 3417 839 3498 chelydris
