2400 3878
367 222 512 270 VERGILI
532 221 733 270 (eucnemon
750 222 762 267 1

64 397 151 457 saepe
172 377 266 439 levem
287 376 400 456 paleam
423 383 452 437 et
473 376 592 436 frondes
614 374 733 435 volitare
755 375 888 443 caducas

64 469 114 523 aut
135 480 247 522 summa
270 462 365 521 nantis
385 462 415 520 in
438 478 513 537 aqua
535 458 684 519 colludere
705 458 827 536 plumas.

64 554 93 606 at
115 546 226 607 Bnreae
248 546 285 606 de
307 551 389 621 parte
411 544 501 603 trucis
523 560 590 602 cum
612 541 759 613 fulminat,
782 548 811 603 et
833 561 899 602 cum

65 630 186 708 eurique
207 628 383 707 zephyrique
405 633 487 687 tonat
508 626 627 686 domus:
650 627 747 685 omnia
768 625 862 703 plenis

66 731 135 772 rura
158 719 258 773 natant
278 712 376 780 fossis,
400 717 487 788 atque
509 711 604 770 omnis
625 711 720 770 navita
741 716 832 788 ponto

66 796 162 856 umida
183 796 246 856 vela
267 795 345 871 legit.
383 811 543 872 numquam
566 792 791 870 inprudentibus
813 791 906 853 imber

65 879 174 939 obfuit:
197 887 247 939 aut
267 878 349 938 illurn
370 885 539 955 surgentem
560 876 682 937 vallibus
704 878 768 937 imis

64 964 161 1023 aeriae
183 961 284 1040 fugere
306 979 411 1038 grues,
433 967 484 1022 aut
504 960 610 1021 bucula
632 959 746 1021 caelum

65 1046 225 1123 suspiciens
247 1044 352 1189 qatulis
374 1045 499 1123 captavit
519 1045 642 1127 naribus
657 1062 757 1124 auras,
780 1022 863 1121 Aa«,
875 1017 976 1094 seh-

65 1137 115 1189 aut
136 1137 239 1206 arguta
271 1124 600 1190 acrsscircumiolitavit
621 1128 748 1189 hirundo

66 1220 95 1273 et
116 1220 244 1274 veterem
267 1214 297 1272 in
318 1211 387 1273 limo
410 1230 499 1273 ranae
522 1213 656 1273 cecinere
679 1214 848 1290 querellam.

65 1298 181 1373 saepius
203 1303 232 1357 et
254 1298 335 1357 tectis
357 1295 556 1373 penetralibus
578 1294 680 1355 extulit
701 1314 754 1358 ova

66 1387 221 1457 angustum
243 1380 365 1440 formica
386 1387 486 1441 terens
507 1381 577 1448 iter,
601 1385 629 1439 ct
650 1378 724 1439 bibit
744 1382 848 1456 ingens

67 1481 168 1532 arcus,
192 1470 221 1523 et
242 1482 258 1523 e
279 1469 364 1541 pastu
386 1463 531 1523 decedens
553 1463 668 1537 agmine
690 1479 797 1540 magno

68 1564 224 1606 corvorum
245 1547 391 1621 increpuit
413 1546 510 1605 densis
532 1546 677 1604 exercitus
699 1544 759 1605 alis.

37 1589 124 1690 ¹''la'm
147 1632 242 1690 variae
265 1630 360 1708 pelagi
380 1628 513 1688 volucres
536 1634 565 1687 et
586 1645 661 1705 quae
682 1628 748 1688 Asia
770 1631 881 1689 circum

67 1713 201 1773 dulcibus
222 1715 252 1773 in
274 1714 384 1790 stagnis
405 1714 548 1773 rimantur
570 1718 655 1788 prata
676 1710 796 1790 Caystri,

67 1799 200 1858 certatim
220 1796 319 1874 largos
340 1797 449 1857 umeris
471 1794 626 1855 infundere
647 1812 746 1856 rores:

67 1898 146 1940 nunc
168 1887 255 1959 caput
277 1880 424 1941 obiectare
447 1879 543 1947 fretis,
573 1895 653 1937 nuuc
675 1897 795 1941 currere
818 1883 847 1941 in
869 1880 962 1941 undas

68 1971 96 2024 et
117 1965 211 2024 studio
233 1966 379 2025 ineassum
401 1964 498 2024 videas
520 1963 627 2038 gestire
649 1960 771 2025 lavandi.

67 2056 129 2107 tum
151 2049 252 2108 cornix
274 2048 359 2126 plena
381 2047 508 2125 pluviam
529 2052 614 2106 vocat
634 2046 768 2124 improba
790 2067 861 2109 voce

67 2138 97 2191 et
117 2129 177 2190 sola
200 2132 230 2190 in
252 2133 328 2192 sicca
350 2149 451 2192 secum
473 2131 614 2208 spatiatur
635 2129 756 2191 harena.

67 2231 104 2274 ne
125 2221 268 2275 nocturna
291 2216 408 2295 quidem
431 2221 585 2294 carpentes
607 2230 698 2290 pensa
719 2214 833 2294 puellae

67 2299 216 2358 nescivere
237 2299 378 2369 hiemem,
402 2305 475 2361 testa
498 2316 565 2358 cum
588 2297 709 2358 ardente
729 2300 862 2359 viderent

67 2381 223 2442 scintillare
245 2382 343 2443 oleum
364 2391 393 2444 et
413 2382 508 2459 putris
530 2398 723 2442 concrescere
744 2383 860 2458 fungos.

27 2484 72 2503 ἢ
109 2465 169 2524 Nec
191 2466 287 2525 miuus
309 2484 345 2526 ex
367 2465 454 2525 imbri
476 2465 552 2524 soles
575 2472 604 2523 et
624 2472 725 2541 aperta
747 2483 850 2526 serena

67 2549 237 2625 prospicere
259 2555 288 2607 et
310 2549 396 2607 certis
417 2549 528 2625 poteris
550 2563 729 2621 cognoscere
750 2549 854 2625 signis:

68 2647 136 2689 nam
158 2648 253 2708 neque
274 2638 338 2689 tum
359 2629 449 2689 stellis
471 2631 548 2690 acies
570 2628 694 2689 obtunsa
715 2630 837 2697 videtur,

68 2731 123 2773 nec
144 2713 242 2772 fratris
264 2713 353 2773 radiis
375 2712 500 2773 obnoxia
522 2729 644 2788 surgere
666 2712 757 2782 Luna,

69 2797 165 2858 tenuia
188 2814 243 2858 nee
264 2797 347 2858 lanae
369 2815 423 2875 per
445 2796 558 2857 caelum
579 2795 687 2856 vellera
709 2797 796 2865 ferri;

68 2899 126 2940 non
148 2882 279 2958 tepidum
300 2881 338 2942 ad
359 2880 451 2941 solem
472 2882 576 2958 pinnas
597 2881 626 2939 in
647 2879 732 2942 litore
753 2882 886 2958 pandunt

68 2965 189 3025 dilectae
211 2965 326 3026 Thetidi
348 2963 500 3044 alcyones,
521 2982 582 3023 non
604 2981 656 3024 ore
677 2964 788 3025 solutos

68 3050 211 3109 immundi
231 3051 392 3110 meminere
413 3067 481 3109 sues
503 3050 610 3109 iactare
632 3048 785 3126 maniplos.

69 3140 98 3192 at
118 3130 243 3194 nebulae
265 3135 356 3210 magis
378 3133 435 3193 ima
457 3139 560 3210 petunt
582 3150 744 3211 campoque
765 3132 950 3203 recumbunt,

68 3215 137 3276 solis
159 3224 188 3277 et
209 3233 346 3276 occasum
367 3235 486 3276 servans
509 3217 545 3276 de
567 3216 693 3276 culmine
714 3234 830 3276 summo

69 3302 246 3379 nequiquam
267 3318 350 3360 seros
372 3307 489 3361 exercet
511 3307 617 3361 noctua
639 3306 751 3360 cantus.

71 3392 192 3461 apparet
213 3383 323 3462 liquido
346 3384 481 3446 sublimis
513 3385 542 3443 in
565 3389 634 3444 aere
656 3383 751 3452 Nisus

71 3473 99 3526 et
120 3485 176 3545 pro
197 3485 346 3546 purpureo
369 3485 479 3546 poenas
501 3468 549 3528 dat
571 3466 664 3546 Scylla
687 3468 806 3546 capillo:
829 3553 870 3612 3·
