2400 3878
423 199 565 248 venenu
586 198 711 247 Annum
726 200 748 245 X

86 363 224 440 quattuor
244 355 292 416 hic
314 356 441 425 iuvenes,
465 354 593 423 totidem,
617 373 690 433 quos
713 355 817 416 educat
838 353 938 422 Ufens,

85 441 207 503 viventis
226 441 310 518 rapit,
333 439 451 499 inferias
474 455 547 518 quos
565 438 696 499 immolet
716 437 829 508 umbris

86 526 260 604 captivoque
280 524 346 602 rogi
365 521 523 602 perfundat
544 523 685 605 sanguine
705 521 847 583 flammas.
1043 527 1095 577 ceo

85 609 153 670 inde
173 609 258 686 blago
278 604 384 687 procul
404 606 550 668 infensam
569 606 758 668 contenderat
778 605 902 667 hastam.

87 692 135 754 ille
155 699 219 753 astu
240 689 319 751 subit
338 707 373 751 ac
393 688 579 751 tremibunda
601 688 769 770 supervolat
789 689 881 757 hasta.

86 784 115 838 et
136 791 230 852 genua
251 773 430 852 amplectens
451 773 555 851 effatur
575 771 641 835 talla
663 772 801 854 supplex:

86 869 155 939 ‘per
174 857 283 937 patrios
305 858 399 919 manis
422 864 450 918 et
471 875 539 936 spes
560 859 707 934 surgentis
728 857 781 918 luli

86 951 116 1004 te
136 960 251 1021 precor,
273 941 349 1002 hanc
369 941 496 1002 animam
515 958 613 1002 serves
632 947 778 1020 gnatoque
798 941 941 1020 patrique.

87 1035 131 1087 est
154 1026 258 1087 domus
279 1023 344 1095 alta,
367 1025 462 1086 iacent
482 1025 600 1103 penitus
618 1023 732 1086 defossa
754 1024 861 1086 talenta

86 1109 188 1171 caelati
209 1110 331 1189 argenti,
355 1114 423 1169 suut
444 1110 509 1170 auri
530 1107 751 1187 ponderaiacti

85 1192 242 1273 inie‘ctique
262 1192 343 1254 mihl.
379 1209 438 1253 non
458 1193 506 1253 hic
527 1193 648 1253 victoria
671 1191 818 1254 Teucrum

85 1278 207 1338 vertitur
227 1284 277 1338 aut
297 1277 394 1338 anima
416 1294 475 1339 una
497 1276 577 1338 dabit
597 1276 764 1338 discrimina
784 1277 882 1337 tanta!

85 1361 207 1422 dixerat.
239 1362 353 1422 deneas
374 1370 476 1422 contra
496 1362 543 1422 cui
564 1359 631 1422 talia
650 1362 759 1423 reddit:

84 1445 214 1523 ‘argenti
234 1450 322 1525 atque
344 1445 408 1506 auri
424 1462 571 1505 memoras
593 1460 668 1523 quae
688 1444 779 1505 multa
800 1444 917 1512 talenta,

84 1529 178 1608 gnatis
199 1546 289 1609 parce
307 1531 375 1591 tuis.
409 1526 479 1589 belli
501 1529 675 1590 commercia
697 1528 814 1589 Turnus

84 1612 199 1676 sustulit
220 1615 275 1675 ista
290 1614 374 1694 prior
394 1614 453 1674 iam
469 1619 533 1673 tum
555 1611 685 1674 Pallante
705 1620 868 1691 perempto.

84 1697 141 1758 hoe
158 1699 250 1778 patris
267 1697 412 1759 Anchisae
430 1714 540 1766 manes,
561 1696 618 1756 hoc
640 1696 728 1757 sentit
748 1694 847 1757 lulus.'

84 1783 126 1841 sic
147 1782 222 1842 latus
244 1782 356 1860 galeam
379 1782 460 1843 laeua
480 1788 560 1842 tenet
578 1788 665 1860 atque
685 1778 793 1841 reflexa

85 1859 313 1926 cervice'oranti
334 1864 438 1944 capulo
460 1872 546 1928 tanus
564 1863 691 1946 applicat
710 1881 819 1927 ensem.

84 1966 140 2009 nec
158 1946 262 2027 procul
283 1948 488 2021 Haemonides,
510 1948 623 2011 Phoebi
640 1948 812 2028 Triviaeque
831 1945 977 2015 sacerdos,

84 2031 174 2094 infula
194 2032 242 2094 cui
261 2050 345 2094 sacra
365 2033 521 2095 redimibat
542 2040 675 2113 tempora
696 2034 775 2103 vitta,

84 2124 160 2177 totus
183 2115 341 2179 conlucens
362 2125 441 2179 reste
459 2124 546 2199 atque
567 2116 730 2196 insignibus
752 2115 834 2178 albis.

84 2218 172 2279 quem
195 2218 370 2280 congressus
391 2196 450 2282 agit
471 2219 574 2281 campo
596 2200 768 2281 lapsumque
787 2208 956 2280 superstans

84 2282 213 2345 immolat
231 2286 400 2364 ingentique
425 2284 531 2348 umbra
552 2286 637 2362 tegit;
661 2303 742 2346 arma
764 2285 898 2346 Serestus

84 2366 159 2427 lecta
183 2367 276 2429 refert
297 2371 417 2439 umeris,
440 2369 502 2439 tibi,
526 2386 579 2432 rex
601 2369 735 2438 Gradive,
758 2375 919 2447 tropaeum.

86 2453 247 2511 instaurant
269 2453 346 2512 acies
367 2440 488 2514 Volcani
513 2453 606 2532 stlrpe
628 2462 744 2514 creatus

85 2533 225 2594 Caeculus
247 2542 276 2595 ot
297 2536 416 2596 veniens
433 2537 599 2597 Marsorum
621 2535 768 2598 montibus
791 2534 918 2598 Umbro:

84 2616 263 2680 Dardanides
281 2625 384 2679 contra
404 2619 483 2680 furit.
515 2619 642 2681 Anxuris
663 2638 733 2682 ense
756 2619 903 2681 sinistram

84 2710 114 2763 et
134 2708 228 2761 totum
251 2701 336 2782 clipei
357 2701 438 2763 ferro
460 2701 607 2764 deiecerat
627 2702 730 2764 orbem

85 2784 208 2864 (dixerat
228 2783 277 2847 ille
299 2784 407 2865 aliquid
427 2804 566 2864 magnum
586 2788 704 2866 vimque
723 2787 825 2849 adfore
846 2784 936 2849 verbo

85 2868 249 2930 crediderat
271 2869 412 2950 caeloque
432 2863 561 2932 animum
581 2869 706 2932 sortasse
724 2869 839 2933 ferebat

85 2953 278 3032 canitiemque
297 2953 353 3016 sibi
376 2962 405 3016 et
420 2953 523 3034 longos
545 2953 720 3034 promiserat
740 2956 859 3030 annosi:

84 3034 242 3114 Tarquitus
263 3036 396 3099 exultans
419 3047 521 3099 contra
544 3036 722 3119 fulgentibus
741 3039 839 3110 armis,

84 3117 229 3179 silvicolae
253 3121 355 3182 Fauno
376 3123 493 3202 Dryope
515 3140 603 3202 quem
624 3121 752 3203 nympha
775 3128 897 3192 crearat,

85 3200 187 3262 obuus
208 3203 321 3264 ardenti
340 3222 405 3268 sese
426 3205 538 3284 optulit.
571 3205 620 3267 ille
641 3206 763 3266 reducta

85 3284 204 3346 ioricam
227 3284 371 3365 clipeique
387 3290 491 3368 ingens
511 3306 586 3349 onus
606 3288 727 3366 impedit
748 3287 844 3356 hasta,

85 3376 146 3429 turn
169 3375 256 3447 caput
275 3371 385 3432 orantis
403 3374 579 3452 nequiquam
599 3380 628 3433 et
645 3369 735 3431 multa
757 3371 885 3450 parantis

85 3453 183 3514 dicere
206 3451 343 3516 deturbat
367 3462 462 3517 terrae
484 3464 682 3534 truncumque
704 3461 851 3532 tepentem
