2400 3878
92 196 172 245 XIIII
398 192 445 240 nit
467 191 550 242 vird
571 191 616 239 ΕΤ
639 191 792 242 solemus

92 354 199 411 videtur
221 369 282 410 cum
306 359 420 427 propter
445 351 569 410 acerbum
594 351 787 408 mordacissimi
813 349 929 406 hominis
957 353 1103 426 ingenium,

92 439 238 496 mitissimis
258 435 373 493 llaronls
393 436 511 493 moribus
527 437 634 492 minime
649 435 827 498 conveniens,
848 441 905 491 tum
928 436 991 509 quia
1011 437 1104 492 Caesa-

93 537 153 579 rum
168 522 313 578 acerrimus
329 521 481 594 exagitator
495 528 569 578 certe
584 536 679 576 eornm
693 520 740 594 qui
754 517 915 575 Maecenatis
930 526 958 575 et
969 518 1104 576 Octaviani

92 604 234 662 familiares
249 603 415 662 habebantur
429 622 507 662 usum
522 605 697 662 declinavisse
711 602 872 660 statuendus
887 611 939 660 est.

177 688 271 763 Neque
291 704 351 745 cuna
372 687 451 745 Calvo
473 699 519 746 aut
538 689 657 745 Varrone
676 688 788 744 Atacino
809 685 894 743 udum
915 688 1104 744 commercium

94 771 220 829 babuisse
240 772 369 835 traditur,
394 787 510 846 quornm
529 772 575 829 ille
594 774 645 828 iarn
661 781 722 828 ante
738 788 761 826 a.
779 769 852 832 708,
873 788 925 828 nec
938 771 1025 828 multo
1040 779 1105 845 post

97 854 232 913 Catullum
247 864 371 913 mortuns
386 864 440 920 est,
462 857 507 913 bic
521 857 639 930 quamvis
656 872 670 911 a
684 855 806 930 Vergilio
821 853 885 910 dnm
899 854 1017 911 Aeneida
1032 871 1106 911 com·

92 939 210 1013 ponebat
229 941 338 998 minime
358 948 543 1015 contemptus.
569 948 659 996 tamen
682 940 760 996 initio
781 937 882 995 saeculi
909 941 995 995 octavi
1016 954 1106 1012 neque

94 1031 202 1080 constat
216 1039 280 1079 num
297 1025 408 1081 omnlno
423 1023 523 1081 liomae
538 1024 620 1080 luerit
641 1031 668 1081 et
688 1032 810 1081 veterum
826 1023 873 1096 qni
893 1023 1020 1079 dcuntnr
1039 1038 1106 1097 poe-

97 1114 185 1163 tarum
200 1107 288 1164 ordini
303 1109 339 1164 ita
354 1110 486 1182 ascriptus
502 1109 563 1171 init,
579 1115 660 1164 utne
676 1106 789 1164 Graecas
804 1105 912 1181 quidem
926 1106 1031 1163 litteras
1046 1113 1104 1162 turn

98 1190 217 1247 calleret.
260 1190 308 1247 sed
328 1191 463 1265 Vergilius
492 1209 507 1248 a
533 1191 710 1255 Graecorum.
732 1191 845 1246 maxime
865 1189 1106 1247 Alexandrinorum

97 1280 238 1347 poetarum
252 1276 401 1332 imitatione
412 1274 617 1350 diligentissima
630 1274 769 1350 proiectus
784 1275 856 1331 inter
870 1273 1004 1332 llomanos
1019 1275 1104 1348 prima

96 1360 161 1414 artis
182 1374 247 1415 suae
268 1366 356 1416 aetate
370 1362 483 1416 maxime
497 1359 641 1416 admiratus
657 1366 700 1416 est
716 1358 847 1431 Oinnom,
865 1357 992 1432 Smyrnae
1013 1365 1106 1413 aucto·

94 1457 152 1499 rem
177 1441 401 1507 eruditissimum.
427 1452 455 1501 et
484 1445 600 1502 Varium
626 1442 687 1517 (ecl.
709 1442 744 1499 ix
763 1442 829 1516 35),
857 1444 933 1499 cuius
957 1442 991 1499 de
1016 1449 1107 1498 morte

95 1524 213 1583 Caesaris
228 1543 324 1602 poema
334 1535 404 1586 tunc
417 1529 524 1586 illustre
544 1528 627 1585 inisse
643 1528 761 1591 conicio,
783 1534 811 1583 et
825 1529 982 1585 Pollionem
996 1525 1057 1600 (ecl.
1074 1524 1106 1580 lll

95 1609 145 1667 86.
160 1609 217 1666 vm
232 1611 297 1684 10),
322 1614 368 1686 qui
383 1613 470 1670 inova
485 1612 625 1677 carmina',
646 1613 674 1668 h.
691 1628 716 1669 e.
737 1611 770 1667 ad
792 1627 887 1668 novam
902 1613 967 1668 artis
982 1609 1104 1684 regulam

95 1693 214 1749 elimatas
236 1694 387 1767 tragoedias
410 1695 580 1768 ‘Sophocleo
608 1695 702 1767 dignas
723 1695 876 1751 cothurno’
898 1694 1021 1752 iaciebat.
1058 1691 1106 1748 sed

94 1768 158 1832 bulo
176 1777 330 1834 lnnotuisse
344 1778 388 1832 vix
403 1785 571 1852 potestante
586 1792 685 1832 annum
702 1776 775 1838 706,
799 1793 853 1848 quo
868 1777 954 1832 redux
968 1777 1055 1832 Pollio
1072 1792 1104 1831 ex

94 1858 167 1916 bello
181 1858 334 1916 Pharsalico
349 1858 449 1918 Rornae
463 1860 617 1916 adversatus
633 1866 675 1915 est
689 1857 840 1916 Dolabellae
856 1855 938 1933 (Plut.
951 1860 1051 1914 dnton.
1065 1857 1105 1930 9).

95 1950 215 2000 ceterum
235 1945 370 2000 nescimus
392 1961 471 2019 quam
496 1943 542 2000 diu
567 1949 648 2018 poeta
667 1950 762 2000 noster
783 1942 847 1998 dum
867 1942 963 1999 studiis
983 1943 1105 1998 intentus

95 2035 154 2084 erat
172 2029 201 2083 in
216 2026 284 2084 urbe
299 2037 479 2086 commoratus
494 2029 544 2092 sit,
568 2027 674 2100 quando
688 2025 800 2083 redierit
820 2027 852 2082 ad
873 2033 998 2101 parentes
1014 2041 1105 2099 quarn·

96 2126 149 2185 que
168 2110 276 2168 assidue
294 2111 335 2168 vel
356 2113 452 2186 quibus
466 2111 567 2169 vicibus
587 2113 658 2168 intra
678 2111 728 2167 bos
749 2126 833 2167 annos
854 2112 882 2167 in
904 2127 970 2184 agro
991 2116 1103 2185 paterno

96 2196 153 2252 otio
168 2195 274 2251 fructus
289 2197 334 2252 sit.

179 2277 320 2354 Probabile
344 2289 431 2338 tamen
446 2287 488 2337 esi
508 2278 607 2336 Itomae
622 2296 683 2337 enm
704 2279 803 2343 luisse,
824 2294 886 2335 oum
899 2293 999 2354 magno
1015 2285 1046 2333 nt
1060 2292 1105 2332 so·

96 2361 154 2417 lent
168 2361 289 2419 nondum
310 2363 400 2421 adulta
419 2365 528 2439 ingenia
541 2365 681 2420 conamine
700 2370 765 2439 post
785 2363 889 2422 minora
902 2361 1032 2436 quaedam
1049 2377 1104 2417 oar·

96 2445 181 2511 mina,
204 2461 321 2520 quorum
341 2456 414 2505 certa
433 2450 562 2505 memoria
583 2450 679 2523 periit,
705 2462 755 2504 res
775 2447 925 2504 Romanos
946 2447 1003 2502 sive
1022 2451 1103 2520 peste

97 2545 196 2606 reptem
210 2530 389 2591 Albanorum
403 2534 479 2608 epioo
494 2540 617 2606 poemate
632 2548 740 2590 nurus
754 2532 858 2606 coepit,
874 2530 923 2587 sed
937 2546 1000 2586 mox
1016 2529 1106 2586 omisit

96 2631 152 2672 non
171 2621 227 2672 tam
246 2617 384 2674 nomInum
405 2619 549 2693 asperitate
568 2625 636 2693 puto
656 2617 803 2676 deterritus
820 2632 898 2690 qnam
910 2623 941 2672 et
961 2613 1104 2676 Ennianae,

97 2700 174 2757 ouius
193 2700 252 2774 lpse
267 2703 380 2777 vestigia
399 2719 544 2777 pressurus
560 2710 631 2765 erat.
653 2703 718 2759 artis
741 2701 784 2758 vel
805 2700 930 2757 ruditatis
950 2697 1057 2755 fastidio
1079 2703 1106 2753 et

97 2877 300 2890 una—*a—

96 2997 153 3060 pitii
161 2995 260 3046 scilicet
276 3000 302 3044 ei
313 2996 415 3047 Aemilii
426 2995 525 3051 Macri:
540 2995 592 3058 suit
610 2997 673 3045 enim
690 3001 715 3045 et
732 2996 788 3059 ipse
802 2999 882 3059 poete
898 2992 1006 3058 Vispilio
1021 3009 1106 3044 omon-

98 3065 215 3113 tissimua.
233 3063 287 3126 qui'
301 3060 437 3125 (Eusebius
449 3063 523 3112 dicii:
535 3062 636 3126 Hagen
660 3062 795 3112 ‘Aemilius
806 3061 899 3111 Mocer
913 3061 1069 3112 Veronensis
1080 3063 1106 3110 in

98 3132 164 3180 Asin
185 3132 304 3180 moritur’
328 3129 413 3182 schol.
434 3128 518 3179 Bern.
544 3128 580 3179 ad
603 3143 636 3179 co
664 3130 764 3194 Varg.
800 3131 908 3192 sumpta
932 3131 1025 3178 autem
1042 3131 1106 3178 sunt

97 3195 168 3247 haec
186 3199 309 3247 extremo
331 3197 467 3248 ‘Aenaile'na
490 3231 495 3244 .
516 3232 521 3245 .
541 3235 548 3249 .
570 3197 690 3247 moritnr’
714 3211 748 3246 ex
769 3196 946 3260 Hieronymo.
983 3195 1106 3260 ‘Mopsus

97 3280 157 3315 uero
179 3264 301 3314 Aemilios
324 3264 419 3314 Macer
444 3265 599 3315 Veronensis
617 3271 709 3328 poeto,
734 3266 827 3313 amicus
852 3259 969 3326 Virpitii'
994 3262 1106 3314 Servios

98 3332 135 3382 ad
152 3331 202 3384 ool.
221 3333 247 3385 V
265 3333 290 3384 1.
326 3333 424 3398 quodsi
440 3346 571 3382 annorum
590 3329 688 3382 saltem
705 3331 840 3382 rationem
857 3329 1020 3379 habuissent
1038 3329 1106 3379 alle·

98 3401 233 3465 gorisiee,
251 3414 333 3451 versu
350 3400 432 3451 huius
445 3398 560 3464 eclogae
579 3402 687 3464 quarto,
706 3397 754 3450 ubi
771 3398 901 3449 maiorem
913 3411 942 3448 se
960 3396 1105 3447 Menalcan

98 3467 167 3519 dicit
184 3468 310 3533 Mopsus,
329 3467 450 3531 Vergilio
467 3468 590 3517 Macrum
606 3467 738 3518 minorem
755 3469 824 3516 neto
842 3465 928 3516 inisse
942 3463 1106 3519 efficeretur.
