2400 3878
438 237 582 287 unorum
603 237 730 297 anunrs
751 239 775 285 x
1048 224 1110 287 29³

98 394 178 458 solus
201 411 257 473 ego
275 395 306 456 in
327 392 459 456 Pallanta
480 394 570 468 feror,
593 392 647 454 soli
668 393 741 455 mihi
762 393 857 455 Pallas

99 479 242 548 debetur;
266 495 406 559 cuperem
425 479 489 557 ipse
511 494 620 562 parens
641 484 788 557 spectator
809 477 943 549 adessct’

99 563 172 626 baec
193 564 241 633 ait,
265 568 294 623 et
315 563 388 624 socii
409 568 561 624 cesserunt
583 559 719 643 aequore
732 562 821 624 iusso.

98 657 127 708 at
147 645 287 708 Rutudum
311 645 451 708 abscessu
470 647 585 707 iuvenis
604 638 668 708 turr'r
689 646 767 708 iussa
789 645 917 725 superba
1061 654 1112 706 445

98 733 220 793 miratus
241 737 339 811 stupet
358 732 390 791 ln
413 729 515 792 Turno
539 748 707 810 corpusque
728 748 783 810 per
805 731 909 810 ingens

97 814 206 895 'nmina
227 813 315 876 volvit
336 814 458 892 obitque
479 815 556 877 truci
575 814 681 895 procul
702 817 800 891 omnia
823 815 886 876 risu

97 898 204 960 talibus
226 905 255 961 et
277 898 362 960 dictis
381 900 404 961 it
426 907 528 960 contra
551 899 627 960 diota
648 900 782 980 tyranni:

97 990 165 1044 ‘aut
186 982 288 1063 spoliis
311 999 367 1061 ego
389 984 446 1044 iam
465 983 557 1061 raptis
578 981 721 1045 laudabor
744 984 849 1063 opimis

97 1076 146 1128 aut
167 1065 226 1128 leto
246 1067 371 1147 insigni:
393 1068 466 1128 sorti
486 1073 572 1148 pater
591 1085 678 1130 aecus
699 1068 854 1149 utriquest.

98 1150 166 1212 colle
186 1150 301 1214 minas!
333 1151 409 1214 latus
428 1151 558 1214 medium
580 1152 715 1232 procedit
736 1154 767 1212 in
789 1171 910 1233 aequor.

96 1235 220 1312 frigidus
241 1235 404 1298 Arcadibus
427 1236 485 1297 coit
505 1239 536 1297 in
556 1237 731 1315 praecordia
755 1240 883 1315 sanguis.

97 1318 212 1381 desiluit
233 1319 351 1383 Turnus
367 1319 482 1398 biiugis,
505 1321 597 1401 pedes
617 1328 742 1401 apparat
760 1323 805 1381 ire

96 1404 276 1472 comminus;
296 1412 387 1483 utque
403 1403 460 1472 leo,
483 1404 600 1482 specula
619 1423 686 1465 cum
709 1403 781 1464 vidit
802 1405 838 1466 ab
860 1405 917 1466 alta

96 1494 176 1549 stare
196 1487 303 1567 procul
324 1489 434 1566 campis
455 1486 646 1548 meditantem
667 1488 698 1546 in
719 1486 833 1565 proelia
853 1494 981 1557 taurum,

97 1570 227 1632 advolat:
250 1572 322 1632 haut
344 1570 464 1632 aliaest
485 1568 580 1631 'lumi
601 1571 744 1632 venientis
766 1571 873 1650 imago.

95 1655 177 1716 hunc
199 1654 251 1715 ubi
269 1656 443 1732 contiguum⁴
461 1653 567 1715 missae
589 1654 654 1716 lore
676 1653 802 1714 credldit
825 1655 935 1725 hastae,

96 1740 141 1799 ire
162 1738 246 1817 prior
268 1736 373 1808 Pedes,
393 1738 476 1816 siqua
497 1736 560 1798 iors
582 1734 699 1799 adiuvet
720 1755 824 1799 ausum

96 1821 208 1882 viribus
229 1820 391 1898 inparibus,
414 1838 614 1905 magnumque
634 1823 674 1883 ita
696 1822 733 1883 ad
754 1823 874 1885 aethera
896 1823 989 1885 latur:

98 1917 169 1984 ‘per
190 1905 282 1984 patris
305 1905 464 1983 hospitium
487 1914 516 1967 et
536 1925 662 1977 mensas,
686 1925 760 1987 quas
782 1907 892 1971 advena
914 1908 1006 1979 adisti,

97 1996 127 2049 te
148 2005 266 2067 precor,
288 1988 397 2071 Alcide,
422 1992 534 2071 coeptis
557 1991 725 2071 ingentibus
747 1991 835 2054 adsis.

97 2080 199 2134 cernat
221 2074 360 2135 semineci
383 2074 438 2136 sibi
460 2094 509 2136 me
530 2094 636 2155 rapere
658 2093 741 2138 arma
764 2086 885 2139 cruenta

97 2159 298 2238 victoremque
318 2159 415 2220 ferant
433 2160 589 2222 morientia
610 2160 722 2223 lumina
743 2160 854 2223 'lurni’

98 2241 187 2303 audit
207 2240 321 2304 Alcides
342 2244 476 2306 iuvenem
498 2262 696 2325 magnumque
716 2243 770 2306 sub
788 2245 846 2306 imo

98 2325 189 2387 corde
208 2328 316 2406 premit
338 2329 480 2405 gemitum
501 2328 698 2408 lacrimasque
721 2328 843 2390 effundit
860 2331 963 2390 inanis.

98 2415 161 2470 tum
179 2410 294 2489 genitor
313 2418 416 2472 natum
436 2412 521 2473 dictis
543 2413 659 2473 adlatur
680 2412 795 2472 amicis:

99 2500 171 2554 ‘stat
189 2511 242 2555 sua
264 2495 370 2573 cuique
392 2495 464 2565 dies,
487 2494 577 2555 breve
599 2501 629 2555 et
649 2493 848 2573 inreparabile
870 2503 985 2572 tempus

99 2576 236 2639 omnibus
258 2585 303 2639 est
322 2579 415 2643 vitae:
438 2576 488 2639 sed
502 2577 611 2639 lamam
632 2577 791 2639 extendere
815 2578 907 2648 lactis,

97 2661 155 2723 hoc
175 2662 292 2723 virtutis
314 2678 399 2740 opus.
433 2661 540 2722 Troiae
562 2661 616 2722 sub
635 2660 790 2722 moenibus
811 2661 874 2722 altis

97 2751 140 2805 tot
160 2747 239 2825 gnati
263 2745 398 2807 cecidere
420 2745 524 2815 deum;
548 2746 621 2824 quin
643 2745 750 2807 occidit
771 2762 830 2806 una

99 2829 260 2908 Sarpedon,
283 2847 349 2891 mea
368 2830 536 2909 progenies.
572 2830 660 2891 etiam
681 2846 734 2890 sua
756 2827 890 2891 'lurnum

99 2915 156 2974 lata
178 2920 292 2985 vocant,
311 2919 464 2993 metasque
485 2913 544 2975 dati
565 2913 755 2992 pervenitad
776 2912 857 2976 aevi!

99 2998 141 3058 sic
162 2999 203 3058 ait
224 3005 312 3077 atquo
332 2997 433 3060 oculos
453 2997 631 3060 Rutodorum
650 2999 735 3060 reicit
755 2999 841 3061 arvis.

100 3088 129 3141 at
147 3080 242 3141 Pallas
264 3083 377 3161 magnis
399 3083 503 3144 emittit
527 3083 638 3145 viribus
658 3083 772 3144 hastam

99 3165 275 3244 [vaginaque
290 3185 359 3227 cava
369 3168 531 3247 fulgentem
554 3167 660 3247 deripit
682 3161 808 3244 ensem].

100 3247 148 3309 illa
170 3245 271 3309 volans
292 3253 388 3312 umeri
406 3258 608 3332 surguntque
628 3252 758 3329 tegmina
780 3266 894 3311 summa

101 3332 202 3394 incidit
223 3339 310 3412 atquo
332 3335 409 3396 viam
431 3334 518 3414 clipei
536 3334 636 3396 molita
657 3352 711 3412 per
733 3351 801 3395 oras

101 3415 220 3476 tandem
240 3416 327 3478 etiam
345 3436 451 3498 magno
470 3421 586 3480 strinxit
609 3419 645 3480 de
667 3436 793 3499 corpore
813 3416 916 3477 Turni.

99 3498 149 3563 hic
167 3499 286 3560 Tannus
308 3500 388 3562 ferro
407 3503 572 3583 praefixum
593 3502 687 3565 robur
708 3509 795 3564 acuto
