2400 3878
250 235 258 248 ·
311 220 343 266 P.
367 218 512 268 vultuum
533 216 688 266 MARONIS
710 216 900 267 mummulo.
1074 218 1113 266 tx

100 375 157 434 tilia
168 375 249 452 Magii
261 377 372 436 viatoris
381 371 411 446 ¹),
430 377 476 450 qui
487 376 589 432 Maroni
604 377 674 450 patri
687 374 721 432 ob
735 375 896 433 industriam
908 383 936 432 et
950 373 1112 450 probitatem

99 459 182 516 tiliam
201 461 229 516 in
243 463 443 518 matrimonium
458 452 606 530 dederat2).
635 459 836 534 prodigiorum,
859 457 956 533 quibus
977 459 1112 515 nascentis

99 551 197 618 poetae
217 541 269 598 iios
291 561 322 601 ac
335 546 420 600 virtus
441 542 564 599 indicata·
577 542 662 599 inisse
682 543 784 607 fertur,
806 544 920 616 ineptias
941 534 1112 614 mittimusi).

101 625 151 684 sed
170 625 260 683 subito
281 637 362 702 partu
382 627 470 684 editus
491 642 550 682 esse
570 625 686 682 traditur
704 628 733 682 in
752 626 839 689 fossa,
862 626 926 682 dum
947 633 1032 682 mater
1051 642 1113 683 cum

101 711 197 766 marito
216 726 263 766 rus
283 713 443 786 propincum
463 705 610 783 petebat4).
647 711 722 767 tenui
741 711 857 783 primum
880 709 1007 766 facultate
1026 711 1114 765 nutri·

100 787 188 866 tuni)
208 809 271 850 mox
292 802 370 852 aucta
388 810 438 869 per
457 793 617 849 industriam
632 786 753 867 reculass)
769 793 926 850 Cremonam
948 800 1025 868 pater
1045 793 1114 849 duo·

101 876 187 933 decim
202 893 335 936 annorum
355 894 469 953 puerum
484 894 554 934 anno
571 877 631 935 696
647 877 770 941 deduxit,
792 876 837 933 uhi
853 878 876 933 is
891 877 1044 934 litterarum
1059 877 1113 932 ele·

101 961 198 1017 mentis
225 955 447 1034 instrueretur7).
493 961 546 1017 iuit
566 959 696 1018 Cremona
718 954 786 1017 {inde
817 959 850 1016 ab
875 977 945 1017 anno
974 956 1112 1036 onosma

101 1043 210 1101 colonia
222 1043 329 1109 Latina,
345 1041 415 1102 iacta
429 1044 525 1100 deinde
539 1044 602 1119 lege
617 1044 683 1101 iulia
698 1061 721 1100 a.
741 1039 859 1119 664l90
873 1045 1061 1118 municipium,
1083 1052 1114 1100 ut

100 1128 234 1202 praealtis
245 1129 359 1203 puerilia
369 1129 464 1185 saitem
475 1127 626 1184 litterarum
637 1128 725 1186 studia
736 1128 853 1185 coluisse
864 1129 923 1184 iure
935 1129 1112 1184 existimetur.

100 1219 207 1285 sumpta
218 1211 315 1268 deinde
327 1229 396 1269 anno
409 1210 526 1281 699l55
538 1214 632 1268 aetatis
645 1228 709 1268 suae
718 1212 763 1268 XV
774 1211 860 1268 isdem
871 1211 925 1267 illis
940 1213 1039 1268 iterum
1050 1227 1115 1268 con·

100 1294 205 1351 sulibus
219 1294 316 1369 quibam
328 1304 407 1352 natus
419 1304 485 1359 erat,
501 1295 544 1351 die
560 1297 641 1352 natali
656 1313 715 1360 suo,
733 1312 788 1369 quo
803 1297 862 1369 ipso
877 1294 1018 1352 Lucretius
1033 1301 1113 1369 poeta

169 1507 189 1571 ¹)
208 1513 302 1559 ‘matre
319 1509 410 1572 Μαρία
428 1510 518 1560 Poiia’
536 1509 652 1559 Probus.
679 1513 775 1559 ‘mater
796 1511 900 1574 Virpitii
918 1510 1005 1573 fertur
1022 1509 1098 1558 Maia

103 1574 206 1641 (Μαρία
232 1573 488 1640 Reifferscheidius)
515 1574 706 1639 Philargyrius
730 1574 782 1625 ecl.
805 1576 911 1638 111623
939 1577 1006 1626 item
1030 1575 1113 1625 schol.

100 1643 185 1692 Bern.
210 1641 245 1693 ad
273 1642 391 1694 eundem
412 1643 445 1706 l.‚
468 1642 515 1707 qui
538 1643 635 1692 Maiam
655 1645 771 1692 matrem
794 1644 879 1693 etiam
901 1642 936 1693 ad
959 1642 1009 1695 ecl.
1032 1644 1058 1695 V
1080 1644 1113 1692 22

104 1715 307 1760 commemorat.
344 1715 440 1760 ‘mater
457 1710 534 1761 Potta
548 1711 600 1773 suit
617 1709 701 1774 Mapii
717 1726 768 1761 non
785 1712 868 1774 infima
884 1712 988 1774 protes’
1005 1709 1114 1760 Phocas

105 1791 132 1831 v.
148 1778 189 1827 11.
202 1781 211 1807 ‘
219 1785 290 1828 ortus
302 1785 341 1828 est
354 1785 433 1842 patre
445 1777 556 1828 Marone
570 1775 622 1841 (sic
635 1776 725 1828 Guelf.
738 1776 760 1840 Ι,
777 1773 885 1842 Virpitio
903 1776 965 1840 Bc,
981 1779 1058 1840 fiputo
1070 1776 1115 1842 P),

102 1850 183 1895 matre
195 1843 283 1895 Maia’
303 1844 415 1895 Servius
432 1844 548 1903 in,vita.

172 1908 194 1975 ²)
214 1913 341 1963 Donatus
359 1909 489 1962 laudatus
507 1912 537 1960 in
550 1910 612 1965 adn.
624 1913 649 1961 4.
661 1927 686 1975 p.
701 1911 766 1964 VlII
780 1916 863 1977 ‘quem
873 1927 987 1962 socerum
997 1911 1115 1974 probitas

99 1977 163 2038 fecit
182 1981 232 2027 iam
249 1981 322 2030 atara
339 1978 447 2029 Maroni
452 1982 459 2007 ’
478 1978 588 2028 Phocas
605 1994 631 2029 v.
651 1981 689 2028 12.

169 2041 372 2110 ⁸)‘praepnans
395 2062 425 2097 eo
446 2053 527 2096 mater
549 2047 682 2096 somniauit
704 2048 807 2097 enimam
824 2061 854 2096 se
878 2048 989 2096 laureum
1010 2061 1113 2104 ramum,

103 2127 174 2176 quem
187 2120 304 2164 contactu
322 2121 409 2163 terrae
423 2115 547 2163 coaluisse
565 2120 590 2162 et
608 2116 752 2164 excrevisse
770 2115 828 2164 iiico
840 2115 989 2177 inspeciem
1000 2119 1114 2162 maturae

99 2178 202 2230 arboris
218 2181 382 2246 refertaeque
399 2182 480 2232 uariis
488 2182 571 2244 pomis
583 2187 609 2230 et
617 2181 723 2246 fioribus
742 2215 874 2234 .......
890 2182 979 2244 ferunt
990 2180 1112 2244 infantem

99 2251 128 2294 ut
148 2249 182 2296 sit
206 2249 288 2298 editus
313 2263 393 2313 neque
415 2249 514 2312 aapmce
532 2255 559 2298 et
580 2250 644 2298 adeo
662 2249 716 2298 miti
732 2251 800 2299 uultu
816 2243 909 2311 fuisse,
933 2254 961 2297 ut
982 2247 1052 2298 haud
1068 2249 1113 2297 du·

99 2312 164 2362 diam
185 2329 255 2378 spem
282 2316 458 2380 prosperioris
481 2317 615 2378 peniturae
637 2317 687 2365 iarn
709 2322 760 2365 tum
787 2316 871 2365 daret.
914 2316 1023 2365 accessit
1045 2315 1116 2364 atiud

97 2384 276 2444 praecaptum,
304 2384 328 2432 si
350 2384 448 2447 quidem
469 2385 542 2447 uirpa
561 2383 676 2447 populea
696 2398 765 2433 more
788 2384 900 2448 capionis
921 2387 947 2432 tn
969 2383 1115 2446 puerperiis

102 2448 190 2496 eodem
207 2450 292 2499 statim
309 2451 365 2500 ioco
383 2451 493 2512 depacta
515 2451 553 2499 ita
576 2450 646 2501 hreni
663 2451 755 2500 evaluit
772 2457 896 2515 tempore,
919 2457 946 2499 ut
963 2451 1037 2500 mutto
1055 2456 1114 2499 ante

98 2520 172 2563 satas
185 2519 297 2579 populos
314 2518 523 2581 maequaoisoetr
542 2533 606 2582 quae
624 2517 703 2568 arbor
724 2519 833 2582 Verpitii
850 2533 885 2567 ea
902 2532 932 2566 eo
951 2517 1021 2565 dicta
1039 2524 1115 2580 atque

99 2581 174 2629 etiam
187 2589 337 2631 consecrata
350 2590 388 2632 est
399 2597 492 2631 summa
502 2587 666 2646 providarum
678 2600 710 2634 ac
725 2586 837 2647 setarum
854 2585 977 2646 reiipione
995 2588 1021 2632 et
1037 2584 1115 2632 susci-

98 2647 221 2711 pientium
238 2647 274 2697 itt
291 2656 316 2697 et
333 2651 478 2699 calventium
494 2653 569 2698 aota’
586 2651 711 2701 Donatus
730 2667 756 2716 p.
776 2653 817 2702 65.
836 2665 905 2714 qnae
923 2649 1050 2700 versibus
1068 2664 1114 2698 ex·

100 2713 210 2764 ornavit
229 2714 360 2778 auxitque
378 2714 484 2765 Phocas
504 2716 619 2767 13—38.
654 2720 787 2768 somnium
810 2717 905 2767 matris
923 2715 1114 2780 Philargyrius

102 2794 209 2845 quoque
228 2786 256 2831 et
275 2781 427 2832 scholiasta
445 2782 594 2834 Bemensis
606 2783 641 2833 ad
660 2784 709 2835 ecl.
725 2785 767 2837 ΙΙΙ
786 2787 818 2835 62
836 2789 966 2849 tangunt.
994 2787 1115 2833 ceterum

99 2847 135 2902 cf.
154 2847 377 2900 Reifferscheidii
395 2854 515 2915 quaesit.
534 2851 665 2902 Suetonn.
682 2854 739 2902 404.

169 2911 191 2977 ⁴)
210 2919 257 2965 ‘ac
273 2918 404 2982 sequenti’
429 2914 584 2982 (somnium)
609 2921 678 2968 ‘iace
701 2934 754 2968 aum
772 2920 862 2969 marito
879 2933 924 2968 rus
945 2919 1114 2983 propinquum

101 2986 191 3045 petens
209 2998 245 3033 esc
267 2985 358 3033 itinere
377 2985 485 3035 devertit
503 2992 577 3058 atque
599 2988 625 3034 in
641 2984 754 3035 subiecta
774 2986 848 3048 fossa
869 2990 947 3049 partu
964 2986 1048 3036 levata
1066 2986 1113 3033 est'

99 3082 227 3133 Donatus
238 3081 257 3132 l.
269 3083 287 3132 l.
298 3081 395 3147 (leuata
405 3082 489 3147 Sang.
500 3061 587 3136 laniata
598 3084 777 3138 Pithoeanus.
792 3087 885 3136 laniata
897 3087 978 3135 Bern.
992 3082 1112 3149 Regin).

166 3146 188 3213 ⁶)
205 3149 290 3200 Probi
306 3152 391 3202 verba
409 3155 482 3202 sunt.

165 3215 188 3280 ⁶)
207 3219 373 3283 ‘eprepieque
395 3219 551 3269 substantiae
575 3219 646 3269 siluis
669 3221 809 3269 coemendis
831 3225 857 3268 et
879 3218 970 3283 apibus
993 3219 1115 3267 curandis

98 3285 203 3334 ausisse
220 3286 349 3334 reculam'
369 3281 487 3351 (patrem
509 3282 703 3348 tradiderunt).
732 3285 861 3335 Donatus
878 3299 903 3348 p.
923 3286 968 3343 64,
989 3286 1029 3334 10.

166 3349 188 3413 ’)
210 3353 359 3416 ‘Verpitins
377 3352 516 3403 Cremonae
533 3353 625 3403 studiis
643 3353 773 3402 eruditur’
796 3348 834 3415 (a.
852 3351 911 3414 696)
930 3351 1114 3413 Hieronymus

99 3414 143 3467 01.
163 3418 223 3475 180,
242 3421 266 3470 3.
296 3421 385 3469 ‘initia
403 3422 497 3470 aetatis
516 3420 654 3469 Cremonae
672 3421 724 3483 epit
746 3433 823 3482 usque
846 3421 882 3470 ad
901 3418 997 3469 viritem
1020 3421 1111 3480 topam’

99 3483 226 3534 Donatus
244 3500 271 3550 p.
288 3486 336 3550 to,
356 3489 397 3540 13.
