2400 3878
276 231 305 280 P.
323 231 464 278 vultam
487 226 640 278 MARONIS
663 229 854 279 manuario.
1009 229 1071 278 XIX

63 389 240 463 transpadana
261 400 288 445 et
309 391 424 447 Asinius
443 391 535 448 Pollio
556 399 587 445 ut
607 389 721 445 diximus
746 388 852 463 legatus
873 396 900 445 et
922 389 1073 446 Cornelius

65 474 177 544 Galliis,
202 476 275 530 cuia
296 474 393 531 lllviris
410 475 533 548 exigendi
553 475 680 547 pecunias
702 472 733 528 ab
754 475 793 528 eis
814 474 981 546 municipiis,
1005 488 1073 546 quo·

64 573 122 612 rum
148 559 205 632 agri
229 560 258 614 in
283 558 328 614 illa
355 559 469 632 regione
489 574 545 614 non
570 555 769 619 dividebantur,
795 573 893 612 munus
919 556 1071 612 mandatum

63 648 120 696 erat
130 634 160 712 ¹).
184 643 224 697 his
241 643 326 716 igitur
337 641 491 698 auctoribus
507 643 579 698 inter
590 649 743 697 ceterorum
754 641 907 715 supplicum
922 640 1072 695 multitudi-

64 740 124 779 nem
138 723 247 782 Romam
260 742 289 783 se
301 726 416 782 contulit
430 735 519 799 poeta,
535 724 580 782 ubl
591 726 737 781 amicorum
751 725 904 798 potentium
919 725 1073 780 interventu

64 810 229 881 impetravit,
252 817 281 865 ut
297 808 454 866 Octavianus
475 827 530 865 non
550 811 682 865 inmemor
702 809 818 865 fortasse
833 809 981 864 communis
1003 806 1073 882 apud

63 892 199 948 rhetorem
221 892 376 968 disciplinae
397 911 445 949 sua
459 892 611 950 Maronibus
632 895 786 949 restitutum
807 893 841 948 iri
860 885 1071 966 promitteret2).

147 976 178 1032 Et
189 977 281 1033 reduci
293 977 382 1033 Andes
397 985 541 1051 postquam
552 977 673 1032 redditus
686 986 728 1033 est
739 993 812 1050 ager,
830 978 857 1031 in
871 980 967 1048 primu
979 975 1073 1048 ecloga
1096 979 1099 985 '

63 1061 163 1132 gratias
179 1059 323 1117 Octaviano
345 1063 469 1117 maximas
490 1063 526 1118 ita
547 1061 626 1124 dixit,
649 1069 678 1116 ut
694 1068 861 1135 quantopere
881 1060 969 1115 simile
990 1058 1072 1115 bene·

64 1141 152 1199 ficium
178 1147 274 1201 ceteris
302 1162 410 1219 quoque
440 1145 588 1201 Mantuanis
614 1153 767 1219 exoptaret,
798 1143 952 1202 introducta
976 1145 1073 1199 misera

64 1226 186 1284 Meliboei
208 1229 336 1302 fugientis
364 1232 476 1303 patriam
501 1245 618 1303 persona
638 1228 813 1303 significaret.
854 1235 881 1284 at
907 1234 1002 1284 exorto
1027 1243 1069 1282 ex·

64 1423 220 1473 Mantuanus
237 1423 317 1488 erut),
336 1428 416 1476 donec
433 1428 519 1476 inedia
535 1434 702 1486 emorerentur,
720 1427 787 1475 unde
805 1427 941 1474 molentium
952 1423 1071 1473 Mantua·

64 1491 103 1538 nis
124 1506 203 1553 super
224 1494 367 1541 amittendis
389 1495 460 1556 apris
480 1496 564 1543 intulit
584 1496 683 1550 Varum·
710 1494 819 1556 Virpiiio
843 1498 925 1540 tamen
944 1492 1071 1555 pepercit,

64 1559 180 1621 uranium
200 1560 387 1622 condiscipulus
408 1560 462 1608 eius
480 1561 589 1622 fuerat.²
620 1574 688 1624 quae
705 1559 746 1609 sic
769 1562 877 1607 tantum
895 1557 931 1606 ad
953 1557 1073 1622 aliquam

64 1624 289 1689 probabilitatem
308 1625 397 1689 redigi
409 1632 437 1676 et
450 1640 511 1676 cum
524 1626 658 1677 Serviano
670 1624 774 1676 scholio
787 1623 930 1674 conciliari
948 1629 1073 1690 possunt,

63 1696 95 1741 ut
114 1695 254 1742 statuatur
269 1691 411 1757 Alphenus
423 1693 512 1743 Varus
531 1694 713 1744 ‘Mantuanus
731 1691 857 1756 idemque
874 1693 1073 1756 magistratus,'
1164 1699 1166 1702 ’

64 1763 195 1822 quaestor
211 1759 342 1819 fortasse,
363 1775 423 1809 cum
441 1760 575 1810 tributum
592 1761 726 1811 indictum
749 1760 856 1810 solvere
873 1758 979 1809 nollent
996 1760 1074 1809 Man·

63 1825 156 1888 inani,
184 1841 284 1890 pecora
308 1827 377 1877 civis
402 1843 436 1876 ex
460 1828 684 1892 locupletissimis
707 1827 832 1886 Octavii,
861 1842 930 1892 qnae
953 1828 983 1875 in
1006 1842 1073 1892 agro

63 1893 174 1957 publico
196 1895 360 1957 pascebant,
383 1895 492 1959 pignori
514 1897 635 1960 cepisse,
665 1895 764 1959 quibus
785 1893 879 1944 inedia
900 1895 1073 1958 interemptis

63 1960 151 2009 iratus
164 1960 296 2012 Octauius
307 1965 405 2026 postea
416 1963 629 2013 Mantuanorum
642 1978 737 2027 agrum
750 1962 926 2013 Cremonensi
942 1961 1074 2012 adiunxe-

63 2027 109 2077 rit.
144 2043 207 2076 nam
224 2030 314 2077 Vama
333 2029 441 2078 omnino
458 2030 545 2080 IIIvir
565 2031 639 2094 agris
658 2029 838 2094 adsignandis
857 2035 915 2079 tum
933 2044 986 2078 non
1004 2028 1072 2078 fuit:

64 2109 129 2158 ergo
147 2096 296 2144 Bernensis
314 2094 463 2145 scholiasta
480 2097 547 2146 Vari
564 2103 593 2147 et
611 2096 723 2147 Octavii
745 2097 857 2146 nomine
879 2097 920 2145 ita
938 2096 1071 2158 confudit,

64 2166 95 2210 ut
111 2162 159 2211 nbi
177 2163 279 2212 Varum
298 2162 364 2211 dicit
377 2163 523 2226 Octavius,
540 2165 589 2214 ubi
602 2163 749 2214 Octavium
761 2163 850 2214 Varus
868 2162 1073 2228 intellegendus

63 2229 109 2278 sit.
150 2243 264 2292 cumque
288 2245 359 2279 anno
383 2229 490 2279 demum
513 2233 561 2280 712
585 2232 728 2296 provincia
757 2245 818 2281 esse
842 2228 956 2281 desierit
980 2229 1073 2280 Gallia

63 2294 211 2360 cisalpina,
231 2310 393 2360 quamquam
410 2298 466 2346 iarn
482 2314 553 2347 anno
571 2301 620 2349 ‘105
639 2297 831 2363 transpadanis
848 2312 955 2362 quoqne
973 2297 1073 2347 civitas

63 2363 187 2413 Romana
209 2362 276 2412 data
299 2368 354 2426 est,
384 2364 503 2415 fortasse
527 2366 601 2415 intra
626 2364 677 2416 hos
703 2367 778 2429 ipsos
801 2380 889 2414 annos
911 2366 946 2413 lis
967 2364 1016 2414 illa
1040 2364 1072 2413 de

64 2430 167 2480 tributo
187 2430 317 2480 solvendo
335 2436 397 2480 orta
415 2435 467 2480 est.
502 2431 649 2482 Octavium
667 2439 756 2482 nutem
774 2432 881 2481 Musam
905 2432 976 2481 inter
995 2431 1073 2479 iami-

62 2493 146 2546 liares
165 2500 264 2560 poetae
282 2498 368 2546 fnisse
387 2498 529 2561 probabile
546 2497 577 2547 fit
595 2500 677 2548 catal.
695 2499 771 2549 XIII.
790 2499 882 2559 XIlll,
900 2499 997 2546 culicis
1015 2513 1040 2546 v.
1059 2499 1072 2546 1

63 2568 92 2613 et
104 2565 151 2624 25,
169 2563 199 2611 id
218 2563 290 2625 quod
308 2563 363 2612 alio
381 2564 443 2612 loco
456 2579 518 2613 mox
535 2564 737 2614 demonstrabo.
763 2570 884 2614 ceterum
897 2563 933 2612 oi.
951 2562 1073 2627 prolegg.

62 2644 90 2693 p.
106 2630 124 2678 4
141 2642 200 2692 sqq.
231 2626 264 2677 de
283 2629 380 2679 Arrio
398 2630 523 2693 inprimis
534 2631 711 2681 memorabile
729 2630 917 2680 testimoninm
930 2629 1020 2679 Servii
1037 2629 1073 2678 ad

62 2696 115 2747 ecl.
133 2696 148 2746 Ι
166 2696 213 2745 48:
232 2698 303 2744 ‘nam
321 2712 338 2745 a
354 2704 436 2744 monte
453 2712 531 2761 usque
549 2699 585 2746 ad
601 2699 680 2746 iocum
696 2705 722 2746 ei
738 2699 798 2747 inde
815 2711 893 2762 usque
905 2698 940 2746 ud
957 2696 1073 2746 arborem

60 2765 190 2828 quandum
205 2762 294 2823 fuerat
310 2763 391 2812 Arrio
410 2765 507 2812 donata
523 2766 651 2828 possessio
658 2768 675 2827 ',
694 2763 802 2829 reliqna
819 2765 882 2814 vide
900 2763 983 2813 infra.

131 2829 152 2894 ¹)
171 2829 283 2880 Servius
301 2830 337 2880 ad
356 2829 406 2881 ecl.
425 2831 463 2881 VI
480 2832 522 2880 64.

129 2896 152 2960 ²)
171 2899 321 2947 ‘insinuatus
333 2898 447 2961 Aupnaio
457 2914 509 2962 per
520 2899 661 2950 Cornelium
675 2899 777 2956 Gallum.
790 2901 986 2962 eondiscipzdnm
996 2914 1073 2958 munt,

49 2967 202 3027 pronunti
223 2972 251 3014 ut
271 2981 348 3029 apros
368 2980 428 3016 suos
444 2968 586 3030 reciperei’
609 2967 715 3018 Probus
733 2983 759 3032 p.
778 2967 794 3015 6
811 2968 844 3016 Κ.
868 2967 1022 3016 Meliboeus
1044 2967 1073 3015 in

50 3032 140 3086 ecl.I
159 3047 208 3097 pro
222 3031 349 3082 Cornelio
362 3032 442 3082 Gallo
459 3039 560 3084 temere
577 3034 697 3084 habetur
714 3034 787 3099 apud
801 3034 935 3083 Servium.
955 3035 1072 3097 ‘perdito

45 3113 124 3166 erpo
137 3115 199 3163 apro
216 3100 338 3163 Vispila'us
351 3100 452 3150 Romam
463 3103 530 3151 uenit
543 3109 567 3151 ei
582 3105 722 3165 potentium
737 3103 828 3165 fauore
840 3103 929 3150 meruit
946 3108 974 3150 ut
986 3117 1073 3164 aprum

25 3180 131 3220 -eurcm
153 3170 222 3217 solus
243 3169 386 3230 reciperei'
410 3166 523 3218 Servius
549 3169 637 3232 praei.
667 3168 758 3218 bucol.
783 3170 897 3216 ‘amissis
920 3184 981 3232 erqo
1003 3171 1073 3230 apris

39 3231 165 3286 Romam
177 3236 244 3284 uenit
256 3241 282 3283 et
293 3250 352 3283 urus
367 3237 511 3297 patrocinio
530 3236 652 3286 Pollionis
670 3243 696 3285 ei
713 3236 874 3285 Maecenatis
890 3238 959 3284 solus
977 3251 1071 3299 apinam,

10 3312 12 3317 ’
37 3315 134 3365 quem
151 3303 283 3360 amiserat,
301 3303 418 3365 recipere
429 3304 533 3352 meruit’
553 3301 680 3366 (recipere
693 3317 744 3354 om.
757 3299 813 3364 BP)
835 3302 947 3352 Servius
964 3302 994 3350 in
1005 3303 1072 3351 vita.

36 3367 146 3420 ‘ande
169 3384 222 3418 eum
245 3369 355 3419 omnibns
377 3370 526 3419 Mantuanis
549 3371 608 3433 apri
629 3375 805 3433 auferrentur,
829 3369 897 3433 quod
919 3367 1073 3418 Anioniauis

12 3435 180 3493 partibus
194 3437 330 3497 favissent,
353 3436 410 3487 buia
425 3439 475 3488 soli
491 3439 631 3487 concessit'
650 3434 777 3499 (Caesar)
796 3436 930 3485 ‘memoma
948 3435 1072 3485 condisci-

10 3505 179 3560 tvulatua‘
198 3501 257 3552 vita
275 3504 358 3555 Bern.

17 3598 20 3605 ·
820 3586 865 3620 a*
