2400 3878
432 184 574 235 vnearnr
595 186 721 234 nnuma
744 187 779 234 vr
1046 175 1104 242 20¹

92 350 153 404 tum
171 341 290 403 demum
313 341 429 403 admissi
450 348 551 418 stagna
575 349 709 419 exoptata
731 340 884 403 revisunt!
1058 356 1109 410 aaa

91 426 218 486 constitit
239 426 363 486 Anchisa
386 434 465 486 satus
488 434 517 486 ct
537 426 656 503 vestigia
676 427 797 504 pressit,

91 509 178 570 multa
203 518 308 586 putans
327 517 496 589 sortemque
521 510 618 570 animo
640 511 795 572 miseratus
816 511 954 590 iniquam.

90 594 183 653 cernit
202 593 242 653 ibi
262 602 389 655 maestos
416 601 444 654 et
465 595 568 654 mortis
590 595 704 655 honore
727 596 853 656 carentis

90 677 261 755 Leucaspim
283 686 311 739 et
326 678 438 757 ‘Lyciae
458 678 611 739 ductorem
635 678 736 740 classis
758 678 904 748 Oronten,

88 778 162 839 quos
184 761 270 822 simul
291 761 329 823 ab
350 762 438 823 Troia
460 770 579 823 ventosa
597 781 651 840 per
673 781 802 841 aequora
825 770 924 823 vectos

88 845 186 906 obruit
207 852 322 919 auster,
346 865 419 926 aqua
443 846 591 908 involvens
613 865 776 926 navemque
797 847 941 925 virosque.

129 929 206 991 Ecce
228 929 409 1007 gubernator
430 949 495 992 sese
517 931 671 992 Palinurus
693 930 812 1010 agebat,

87 1014 136 1090 qui
158 1014 266 1093 Libyco
288 1033 383 1093 nuper
409 1033 512 1085 eursu,
543 1016 612 1077 dum
634 1016 729 1076 sidera
750 1026 862 1085 servat,

88 1098 235 1159 exciderat
256 1101 348 1178 puppi
370 1100 474 1160 mediis
497 1100 605 1161 etlusus
627 1101 657 1161 in
680 1100 775 1161 undis.

87 1180 166 1242 hunc
185 1181 235 1243 ubi
254 1185 300 1243 vix
324 1183 415 1245 msdta
438 1193 580 1246 maestum
604 1185 739 1263 cognovit
758 1186 787 1245 in
808 1182 929 1254 umbra,

86 1266 127 1324 sic
146 1267 228 1343 prior
248 1265 431 1346 adloquitur:
456 1270 537 1348 ‘quis
556 1276 599 1338 te,
622 1269 776 1338 Palinure,
797 1268 920 1330 deorum

87 1350 194 1427 eripuit
215 1349 301 1410 nobis
322 1353 479 1433 medioque
498 1352 553 1412 sub
575 1371 704 1430 aequora
726 1354 845 1413 mersit?

92 1432 132 1493 lic
155 1450 218 1510 age.
264 1452 391 1514 namque
411 1436 496 1505 mihi,
520 1434 605 1495 lallax
627 1437 698 1496 haut
720 1445 788 1496 ante
808 1445 960 1513 repertus,

86 1533 142 1577 noc
164 1535 223 1577 uno
245 1535 388 1597 responso
412 1520 542 1578 animum
564 1516 669 1579 delusit
690 1517 809 1594 Apollo,

84 1603 133 1679 qui
157 1602 220 1663 iore
243 1609 273 1663 te
294 1609 385 1681 ponto
410 1601 587 1664 incolumem
609 1603 732 1679 finisque
755 1600 879 1662 canebat

84 1694 240 1747 venturum
263 1686 417 1747 Ausonios.
463 1705 499 1747 en
523 1686 597 1746 haec
614 1686 757 1764 promissa
779 1686 852 1746 tides
872 1684 948 1746 esti'

84 1768 131 1829 ille
154 1778 268 1830 autem:
294 1778 404 1849 ‘neque
426 1779 454 1831 te
475 1770 587 1831 Phoebi
609 1770 720 1830 cortina
744 1769 860 1839 fefellit,

84 1853 142 1914 dns
164 1854 353 1924 Anchisiade,
374 1872 430 1916 nec
448 1873 496 1914 me
519 1854 590 1915 deus
612 1871 742 1932 aequore
762 1856 872 1915 mersit.

85 1954 213 2015 namque
236 1938 448 2016 gubernaclum
471 1937 562 1999 multa
583 1939 610 1999 vi
630 1940 706 1999 torte
726 1937 888 2009 revolsum,

84 2023 130 2081 oui
153 2022 237 2083 datus
255 2022 415 2084 haerebam
439 2032 537 2084 custos
560 2041 723 2101 cursusque
745 2021 901 2102 regebam,

82 2107 279 2184 praecipitans
301 2109 376 2168 traxi
397 2126 524 2169 meeum.
569 2108 660 2167 maria
684 2124 787 2185 aspera
810 2108 874 2167 iuro

82 2207 142 2251 non
162 2188 256 2251 ullum
276 2209 331 2270 pro
354 2210 401 2251 me
419 2199 533 2253 tantum
557 2194 669 2270 cepisse
693 2193 842 2258 timorem,

83 2290 171 2350 quam
192 2281 241 2335 tua
264 2276 308 2344 ni,
332 2275 455 2354 spoliata
478 2278 582 2345 armis,
606 2293 728 2338 excussa
750 2279 906 2354 magistro,

82 2357 221 2419 deiiceret
241 2361 329 2420 tantis
351 2363 432 2421 navis
455 2358 645 2438 surgentibus
667 2359 762 2421 undis.

82 2442 134 2501 tris
156 2449 244 2503 notus
266 2442 405 2512 hibernas
427 2445 569 2505 immensa
591 2461 646 2522 per
669 2462 798 2522 aequora
820 2451 921 2503 noctes

83 2527 159 2586 vexit
180 2544 228 2587 me
249 2526 393 2589 violentus
417 2545 507 2607 aqua;
531 2530 576 2588 vix
599 2527 710 2588 lumine
733 2535 837 2604 quarto

82 2612 220 2689 prospexi
242 2609 354 2672 ltaliam
378 2629 492 2672 summa
513 2610 647 2672 sublimis
669 2610 705 2671 ab
728 2610 816 2670 unda.

81 2691 220 2771 paulatim
241 2694 387 2755 adnabam
409 2703 522 2756 terrae:
547 2697 604 2755 iam
626 2702 688 2755 tuta
710 2694 862 2765 tenebam,

81 2777 111 2836 ni
135 2795 208 2857 gens
230 2777 358 2841 crudelis
377 2779 493 2840 madida
517 2797 583 2840 cum
606 2787 686 2840 veste
709 2785 860 2857 gravatum

81 2869 328 2942 prensantemque
350 2864 435 2926 uncis
456 2864 591 2925 manibus
612 2865 705 2943 capita
729 2881 834 2942 aspera
855 2865 961 2924 montis

82 2944 160 3005 terro
182 2949 334 3009 invasisset
353 2949 554 3029 praedamque
575 2951 678 3026 ignara
700 2956 841 3027 putasset.

396 3054 416 3092 tt
592 3054 611 3088 lt·
788 3055 806 3092 lt

81 3130 160 3173 nunc
183 3132 230 3174 me
252 3114 359 3177 ssuctus
381 3116 470 3178 habet
492 3125 669 3195 versantque
692 3119 720 3176 in
742 3116 826 3177 litore
851 3118 938 3177 venti.

81 3197 159 3274 quod
183 3205 212 3258 te
232 3217 287 3276 per
306 3199 379 3261 caeli
401 3202 561 3263 iucundum
583 3201 683 3263 lumen
707 3209 735 3260 et
757 3218 858 3269 auras,

80 3297 133 3357 per
155 3283 319 3359 genitorem
341 3302 410 3354 oro,
433 3302 487 3363 per
508 3304 576 3364 spes
597 3284 745 3361 surgentis
767 3283 836 3352 luti,

80 3365 161 3442 eripe
182 3383 230 3427 me
251 3367 311 3437 his,
334 3368 454 3438 invicte,
477 3368 575 3430 malis:
595 3377 644 3429 aut
666 3375 697 3428 tu
713 3367 784 3426 mihi
806 3376 916 3428 terram
1054 3379 1110 3433 add

80 3449 155 3511 inice
176 3448 314 3530 (namque
333 3453 427 3530 potesl
448 3461 610 3532 portusque
633 3452 752 3528 require
774 3449 908 3513 Velinos.
