2400 3878
445 192 589 239 vesunu
602 193 727 241 aluums
741 194 791 240 ΧΠ

115 343 236 406 adverso
254 350 402 424 proterret
423 361 512 423 equo:
534 345 593 404 ruit
613 343 661 405 ille
680 345 823 406 recedens

115 435 145 486 et
164 428 254 487 miser
275 426 414 507 oppositis
438 444 455 486 a
475 434 559 504 tergo
581 425 734 488 involvitur
756 430 815 488 aris

115 525 145 569 m
167 518 254 589 eaput
277 511 365 588 inque
387 527 516 570 umeros.
548 517 578 570 at
599 511 727 574 fervidus
749 511 861 571 advolat
883 511 964 572 hasta

115 591 265 669 Messapus
285 591 402 672 teloque
420 600 553 653 orantem
575 592 665 655 multa
686 593 790 655 trabali

115 673 241 752 desuper
262 675 336 736 altus
359 693 434 754 equo
456 676 581 753 graviter
604 677 671 737 terit
692 684 779 755 atque
799 678 839 737 ita
860 677 953 737 latur:

115 758 187 818 ‘hoo
206 758 302 829 habet,
325 758 399 821 haee
419 758 523 819 melior
544 760 656 836 magnis
679 760 745 820 data
765 759 880 821 victima
902 759 994 820 diris·

115 850 293 902 oonourrunt
312 840 375 902 Itali
393 841 575 920 spoliantque
593 842 716 904 calentia
735 843 878 904 membra.

115 922 216 985 obvius
237 924 402 985 ambustum
426 932 535 984 torrem
558 925 724 1002 Corynaeus
746 926 781 986 ab
806 944 856 987 ara

114 1009 236 1086 oorripit
256 1017 285 1068 et
305 1008 431 1069 venienti
452 1008 550 1068 Ebuso
570 1007 745 1087 plagamque
763 1009 869 1070 ferenti

114 1097 288 1168 occupatos
310 1090 448 1151 flammis:
472 1089 521 1150 olli
541 1093 643 1168 ingens
664 1091 756 1152 barba
775 1091 882 1154 reluxit

114 1174 306 1254 nidoremque
327 1173 460 1235 ambusta
479 1174 566 1235 dedit.
604 1192 692 1253 super
714 1176 777 1252 ipse
796 1183 913 1237 secutus

115 1259 273 1318 caesariem
294 1256 374 1317 laeva
396 1257 506 1318 turbati
528 1259 651 1336 corripit
671 1258 762 1318 hostis

114 1341 306 1419 inpressoque
323 1357 401 1418 genu
420 1342 515 1401 nitens
536 1347 634 1401 terrae
656 1340 780 1419 applioat
801 1343 913 1419 ipsum:

113 1425 156 1484 sio
177 1424 269 1499 rigido
292 1423 367 1483 latus
388 1439 458 1483 ense
477 1423 553 1483 serit.
585 1423 748 1484 Podalirius
769 1423 869 1483 Alsum

113 1513 260 1585 pastorem
277 1507 430 1585 primaque
452 1506 514 1565 aoie
535 1522 590 1585 per
610 1504 666 1565 tela
688 1513 832 1574 ruentem,

115 1607 185 1650 ense
203 1606 328 1667 sequens
348 1588 427 1648 nudo
451 1588 689 1665 superimminet:
711 1587 760 1649 ille
783 1590 880 1648 securi

114 1673 226 1733 adversi
245 1673 371 1732 frontem
393 1671 518 1732 mediam
540 1677 729 1749 mentumque
750 1671 871 1732 reducta

114 1756 223 1816 dissioit
245 1764 273 1815 et
291 1771 392 1832 sparso
413 1753 470 1815 late
491 1755 566 1832 rigat
587 1771 668 1814 arma
688 1771 804 1814 cruore.

114 1837 163 1897 olli
185 1838 258 1898 dura
280 1839 362 1916 quies
384 1837 485 1899 oeulos
507 1845 536 1898 et
556 1837 670 1900 ferreus
692 1846 778 1914 urget

115 1938 244 1990 somnus,
266 1921 297 1980 in
318 1926 467 1982 aeternam
490 1920 655 1982 conduntur
677 1919 787 1981 lumina
810 1928 934 1981 noctem.

155 2005 191 2063 nt
208 2005 273 2082 pius
290 2005 403 2065 Aeneas
425 2004 557 2066 dextram
576 2003 714 2066 tendebat
735 2005 876 2066 inermem

114 2087 223 2148 nudato
246 2089 341 2168 eapite
360 2096 446 2167 atque
465 2105 533 2149 suos
552 2087 680 2149 elamore
700 2088 836 2148 vocabat:

115 2181 188 2250 ‘quo
206 2173 307 2233 ruitis?
328 2190 437 2252 quaeve
458 2173 512 2233 ista
532 2188 640 2250 repens
662 2171 806 2232 discordia
827 2168 937 2246 surgit?
1006 2207 1008 2215 s

115 2272 132 2313 o
153 2254 287 2316 cohibete
309 2256 381 2315 iras!
402 2255 493 2315 ictum
511 2255 568 2315 iam
588 2254 691 2315 loedus
711 2262 740 2314 et
760 2270 862 2313 omnes

115 2340 293 2416 compositae
314 2336 410 2415 legem
432 2339 503 2399 milri
525 2339 570 2397 ius
592 2353 770 2397 concurrere
787 2335 857 2404 soli;

115 2439 162 2481 me
182 2421 266 2479 sinite
285 2428 373 2496 atquo
392 2421 504 2480 auferte
522 2427 630 2486 metus;
653 2436 707 2495 ego
729 2417 848 2479 loedera
870 2417 935 2476 laxo

115 2504 198 2563 firma
216 2519 320 2570 manu;
342 2501 476 2562 Turnum
498 2501 605 2561 dehent
626 2499 699 2560 haee
718 2500 775 2560 iam
792 2499 864 2559 milri
882 2499 984 2558 saera!

116 2586 168 2645 has
189 2585 264 2644 inter
285 2601 381 2652 voees,
405 2582 500 2643 media
520 2583 596 2643 inter
617 2581 688 2641 talia
707 2582 796 2642 verba

116 2685 184 2728 ecce
205 2668 266 2726 viro
287 2666 413 2728 stridens
431 2665 483 2726 alis
506 2664 622 2743 adlapsa
644 2665 747 2739 sagitta
766 2671 810 2725 est

114 2753 260 2810 incertum
281 2767 336 2827 qua
359 2747 441 2827 pulsa
461 2766 560 2823 manu,
583 2765 641 2827 quo
657 2747 774 2807 turbine
789 2746 899 2816 adacta,

115 2835 181 2912 quis
203 2839 312 2893 tantam
330 2830 445 2893 Rutulis
462 2831 588 2901 laudem,
608 2848 729 2892 casusne
751 2830 870 2900 deusne,

115 2916 256 2978 attulerit:
278 2933 381 2995 pressa
400 2921 444 2976 est
460 2915 580 2992 insignis
600 2914 692 2992 gloria
712 2914 789 2983 laeti,

115 3018 170 3061 neo
192 3017 256 3061 seso
277 2999 392 3061 Aeneae
413 3000 526 3069 iactavit
544 2997 664 3059 volnere
686 2998 848 3077 quisquam.

115 3084 231 3144 Turnus
252 3092 285 3142 ut
305 3084 422 3144 Aenean
442 3081 594 3143 cedentem
616 3100 651 3142 ex
672 3082 787 3158 agmine
808 3080 877 3141 vidit

115 3166 306 3244 turbatosque
324 3166 423 3236 duces,
449 3165 543 3227 subita
563 3183 615 3242 spe
637 3164 765 3224 fervidus
784 3163 881 3223 ardet:

115 3250 209 3327 posoit
227 3265 318 3325 equos
339 3257 426 3327 atque
449 3246 635 3309 armasimul
656 3245 789 3324 saltuque
810 3244 956 3322 superbus

117 3332 221 3393 omium
242 3332 271 3390 in
294 3348 414 3392 currum
436 3340 465 3392 et
479 3330 614 3390 manibus
635 3325 752 3388 molitur
773 3325 912 3388 habenas.

117 3413 206 3476 multa
228 3410 323 3472 virum
343 3413 466 3474 volitans
487 3414 536 3473 dat
558 3412 643 3471 lortia
664 3428 789 3488 corpora
811 3409 891 3480 Leto,

849 3506 915 3568 22*
