2400 3878
393 229 537 278 vuncmr
558 227 682 278 666666
704 229 746 277 111
1020 216 1078 277 ter

60 405 161 448 rerum
184 383 235 446 ubi
256 383 335 445 nulla
356 384 442 446 datur
463 384 563 445 dextra
584 384 730 445 adfectare
748 389 875 462 potestas
1029 390 1081 447 670

59 489 115 532 666
130 469 206 547 potis
224 467 320 528 lonios
342 468 447 529 ssuctus
469 485 596 546 aequare
618 467 783 548 sequendo,

60 554 219 614 clamorem
240 552 415 612 immensum
436 551 523 621 tollit,
548 569 606 630 quo
628 558 735 629 pontus
756 557 784 612 et
805 567 908 612 omnes

61 643 268 697 contremuere
289 635 385 695 undae
406 637 581 714 penitusque
603 635 741 696 exterrita
762 633 848 696 tellus

61 720 162 782 ltaliae
182 719 335 798 curvisque
357 720 501 796 immugiit
521 719 613 780 Aetna
636 719 775 780 cavernis.

60 811 89 864 at
109 820 202 881 genus
225 821 241 863 e
263 801 340 863 silvis
361 801 520 881 Cyclopum
541 810 570 862 et
590 801 738 863 montibus
760 801 825 862 altis
1028 808 1079 864 676

61 890 189 948 ercitum
210 887 269 946 ruit
288 885 323 946 ad
341 894 444 963 portus
465 892 492 945 et
513 885 598 945 litora
621 885 777 964 complent.

61 972 208 1032 cernimus
226 968 365 1030 adstantis
386 969 563 1048 nequiquam
583 969 693 1031 lumine
713 977 797 1030 torro

60 1058 203 1115 Aetnaeos
224 1053 345 1122 iratres,
368 1052 448 1114 caelo
469 1053 560 1131 capita
582 1053 635 1113 alta
655 1053 789 1120 terentis,

61 1137 216 1199 concilium
237 1137 434 1197 horrendum:
460 1136 560 1215 quales
581 1154 647 1196 eum
669 1138 778 1197 vertice
798 1135 876 1197 celso

61 1223 157 1282 adriae
178 1238 305 1301 quercus
328 1227 378 1280 aut
400 1221 546 1280 coniferae
569 1221 707 1300 cyparissi
1027 1227 1079 1283 660

61 1306 268 1372 constiterunt,
292 1302 361 1364 silva
383 1301 438 1364 alta
458 1303 532 1363 lovis
552 1303 672 1365 lucusve
692 1304 808 1364 Dianae.

59 1389 232 1466 praecipites
254 1395 348 1447 metus
373 1405 440 1448 acer
459 1388 518 1463 agit
540 1405 725 1466 quocumque
746 1388 877 1448 rudentis

60 1480 198 1532 excutere
222 1478 251 1531 et
272 1473 365 1531 ventis
381 1471 533 1551 intendere
550 1470 611 1530 vela
635 1471 779 1531 secundis.

61 1561 161 1616 contra
181 1555 256 1614 iussa
279 1561 399 1614 monent
417 1552 534 1623 Heleni,
553 1552 646 1632 Scylla
666 1561 753 1632 atque
776 1553 936 1634 Charybdis
971 1515 1022 1683 Χ

60 1640 89 1699 61
111 1645 229 1697 teneant
251 1655 369 1697 cursus:
395 1672 430 1682 -
456 1644 567 1697 certum
592 1645 635 1697 est
656 1637 726 1697 dare
748 1636 835 1698 lintea
856 1577 972 1716 rond
1027 1646 1078 1701 666

59 1725 135 1782 inter
154 1730 308 1800 utramque
329 1723 404 1781 viam
425 1720 474 1781 leti
496 1718 663 1781 discrimine
685 1738 785 1798 parvo,
1025 1729 1077 1784 666

59 1824 128 1866 6666
150 1810 247 1865 autem
272 1805 382 1866 Roreas
406 1811 528 1881 angusta
548 1804 584 1865 ab
605 1805 674 1865 6666
701 1803 797 1865 Pelori

59 1891 164 1949 missus
187 1889 281 1949 adest:
303 1890 367 1948 rivo
389 1889 599 1967 praetervehor
619 1890 691 1948 ostia
712 1907 782 1948 saxo

59 1972 213 2048 Pantagiae
234 1971 427 2051 Megarosque
448 1973 528 2033 sinus
548 1972 755 2051 Thapsumque
776 1974 927 2034 iacentem.

58 2055 140 2135 [talia
156 2060 338 2122 monstrabat
353 2059 490 2136 relegens
508 2062 603 2116 errata
617 2064 773 2117 'retrorsus
1026 2064 1077 2119 600

59 2138 143 2198 litora
165 2138 411 2209 Achaemenides,
436 2156 535 2200 comes
556 2139 680 2200 inielicis
697 2135 794 2212 Ulixi]

100 2222 215 2282 Sicanio
236 2229 387 2300 praetenta
409 2223 475 2283 sinu
495 2225 571 2284 iacet
591 2222 686 2284 insula
709 2230 810 2284 contra

58 2304 237 2365 Plemurium
260 2306 420 2376 undosum,
439 2324 547 2367 nomen
573 2307 673 2368 dixere
697 2309 811 2384 priores

58 2387 215 2466 Ortygiam.
259 2387 404 2466 Alpheum
426 2390 502 2449 lama
524 2397 568 2450 est
589 2390 648 2449 huc
668 2389 757 2450 Elidis
778 2408 893 2451 amnem

58 2470 187 2530 occultas
210 2473 303 2547 egisse
324 2473 384 2546 vias
403 2480 505 2550 supter
522 2490 619 2541 mare,
639 2475 688 2549 qui
708 2490 787 2532 nuno
1025 2483 1075 2536 606

58 2571 125 2623 666,
148 2553 307 2622 Arethusa,
330 2560 381 2613 tuo
405 2554 509 2614 Siculis
532 2554 719 2614 conlunditru
741 2556 836 2615 undis.

56 2637 128 2697 iussi
150 2637 270 2696 numina
292 2653 395 2714 magna
418 2636 475 2697 looi
494 2654 677 2697 veneramur.
722 2645 751 2698 et
769 2638 837 2698 1666

58 2737 203 2799 exsupero
224 2720 404 2798 praepingue
425 2719 520 2780 solum
540 2721 698 2797 stagnantis
719 2720 834 2790 Helori,

57 2802 125 2864 hinc
146 2803 218 2864 altas
240 2811 339 2864 cautes
360 2805 548 2882 proiectaque
573 2821 641 2865 saxa
657 2804 785 2884 Pachyni

56 2888 199 2958 radimus,
222 2894 250 2948 et
272 2887 337 2947 tatis
360 2905 519 2966 numquam
543 2905 680 2949 concessa
699 2890 809 2948 moveri
1022 2897 1075 2955 700

56 2979 177 3050 apparet
199 2971 349 3032 Camarina
371 2971 476 3050 procul
497 2973 651 3050 campique
674 2971 755 3033 Geloi

55 3056 247 3133 immanisque
264 3053 334 3115 Gela
356 3056 435 3116 nuvii
455 3057 628 3133 cognomine
649 3056 733 3116 dicta.

55 3139 163 3199 arduos
185 3139 254 3198 inde
275 3138 425 3216 Acragans
444 3146 569 3200 ostentat
589 3141 712 3199 maxima
735 3139 821 3218 longe

55 3224 184 3290 moenia,
207 3223 424 3298 magnanimum
449 3224 596 3302 quondam
617 3229 772 3300 generator
794 3240 955 3301 equorum;

55 3312 142 3383 teque
164 3305 238 3364 datis
258 3305 359 3384 linquo
391 3307 477 3379 velis,
509 3307 638 3385 palmosa
663 3303 790 3374 Selinus,
1022 3310 1072 3369 706

55 3395 83 3449 et
103 3388 175 3448 rada
195 3389 268 3447 dura
289 3386 355 3466 lego
377 3389 453 3448 saxis
475 3389 603 3469 Lilybeia
626 3389 728 3448 caecis.

54 3471 122 3531 hine
141 3470 268 3548 Drepani
294 3486 341 3531 me
362 3479 466 3548 portus
487 3478 515 3533 et
536 3469 709 3533 inlaetabilis
732 3489 782 3531 ora

805 3570 865 3630 10*
