<?xml version="1.0" encoding="UTF-8"?>
<!DOCTYPE html PUBLIC "-//W3C//DTD XHTML 1.0 Transitional//EN"
    "http://www.w3.org/TR/xhtml1/DTD/xhtml1-transitional.dtd">
<html xmlns="http://www.w3.org/1999/xhtml" xml:lang="en" lang="en">
 <head>
  <title>
</title>
<meta http-equiv="Content-Type" content="text/html;charset=utf-8" />
  <meta name='ocr-system' content='tesseract 3.04.00' />
  <meta name='ocr-capabilities' content='ocr_page ocr_carea ocr_par ocr_line ocrx_word'/>
</head>
<body>
  <div class='ocr_page' id='page_1' title='image "./operainusumscho00virggoog_0252.png"; bbox 0 0 2400 3878; ppageno 0'>
   <div class='ocr_carea' id='block_1_1' title="bbox 132 187 807 249">
    <p class='ocr_par' dir='ltr' id='par_1_1' title="bbox 132 187 807 249">
     <span class='ocr_line' id='line_1_1' title="bbox 132 187 807 249; baseline 0 -1"><span class='ocrx_word' id='word_1_1' title='bbox 132 187 193 249; x_wconf 76' lang='lat'>2¹2</span> <span class='ocrx_word' id='word_1_2' title='bbox 471 198 615 246; x_wconf 81' lang='lat' dir='ltr'>vrsornr</span> <span class='ocrx_word' id='word_1_3' title='bbox 630 198 755 248; x_wconf 75' lang='lat' dir='ltr'>erneis</span> <span class='ocrx_word' id='word_1_4' title='bbox 770 200 807 248; x_wconf 90' lang='lat' dir='ltr'>vr</span> 
     </span>
    </p>
   </div>
   <div class='ocr_carea' id='block_1_2' title="bbox 131 352 1155 851">
    <p class='ocr_par' dir='ltr' id='par_1_2' title="bbox 132 352 1155 516">
     <span class='ocr_line' id='line_1_2' title="bbox 132 352 1155 433; baseline 0.001 -18"><span class='ocrx_word' id='word_1_5' title='bbox 132 356 255 433; x_wconf 89' lang='lat' dir='ltr'>quisque</span> <span class='ocrx_word' id='word_1_6' title='bbox 276 371 345 414; x_wconf 87' lang='lat' dir='ltr'>suos</span> <span class='ocrx_word' id='word_1_7' title='bbox 365 354 492 431; x_wconf 86' lang='lat' dir='ltr'>patimur</span> <span class='ocrx_word' id='word_1_8' title='bbox 513 355 622 422; x_wconf 90' lang='lat' dir='ltr'>manis;</span> <span class='ocrx_word' id='word_1_9' title='bbox 645 355 748 415; x_wconf 83' lang='lat' dir='ltr'>exinde</span> <span class='ocrx_word' id='word_1_10' title='bbox 768 371 821 432; x_wconf 90' lang='lat' dir='ltr'>per</span> <span class='ocrx_word' id='word_1_11' title='bbox 843 352 972 433; x_wconf 92' lang='lat' dir='ltr'>amplum</span> <span class='ocrx_word' id='word_1_12' title='bbox 1099 365 1155 426; x_wconf 74' lang='lat' dir='ltr'>m</span> 
     </span>
     <span class='ocr_line' id='line_1_3' title="bbox 132 436 923 516; baseline 0 -18"><span class='ocrx_word' id='word_1_13' title='bbox 132 440 273 499; x_wconf 76' lang='lat' dir='ltr'><strong>mittimur</strong></span> <span class='ocrx_word' id='word_1_14' title='bbox 293 436 420 516; x_wconf 79' lang='lat' dir='ltr'>Elysium</span> <span class='ocrx_word' id='word_1_15' title='bbox 442 446 471 497; x_wconf 90' lang='lat' dir='ltr'>et</span> <span class='ocrx_word' id='word_1_16' title='bbox 491 439 577 514; x_wconf 86' lang='lat' dir='ltr'>pauci</span> <span class='ocrx_word' id='word_1_17' title='bbox 599 436 672 497; x_wconf 86' lang='lat' dir='ltr'>laeta</span> <span class='ocrx_word' id='word_1_18' title='bbox 692 457 760 500; x_wconf 82' lang='lat' dir='ltr'>arra</span> <span class='ocrx_word' id='word_1_19' title='bbox 780 446 923 498; x_wconf 89' lang='lat' dir='ltr'>tenemus.</span> 
     </span>
    </p>

    <p class='ocr_par' dir='ltr' id='par_1_3' title="bbox 131 519 1154 683">
     <span class='ocr_line' id='line_1_4' title="bbox 132 519 1154 601; baseline -0.002 -20"><span class='ocrx_word' id='word_1_20' title='bbox 132 521 185 581; x_wconf 92' lang='lat' dir='ltr'>has</span> <span class='ocrx_word' id='word_1_21' title='bbox 204 522 312 589; x_wconf 90' lang='lat' dir='ltr'>omnis,</span> <span class='ocrx_word' id='word_1_22' title='bbox 333 520 383 581; x_wconf 93' lang='lat' dir='ltr'>ubi</span> <span class='ocrx_word' id='word_1_23' title='bbox 406 519 485 580; x_wconf 90' lang='lat' dir='ltr'>mille</span> <span class='ocrx_word' id='word_1_24' title='bbox 503 528 596 581; x_wconf 92' lang='lat' dir='ltr'>rotam</span> <span class='ocrx_word' id='word_1_25' title='bbox 620 520 734 582; x_wconf 79' lang='lat' dir='ltr'>volsere</span> <span class='ocrx_word' id='word_1_26' title='bbox 755 539 809 601; x_wconf 89' lang='lat' dir='ltr'>per</span> <span class='ocrx_word' id='word_1_27' title='bbox 831 538 938 591; x_wconf 92' lang='lat' dir='ltr'>annos,</span> <span class='ocrx_word' id='word_1_28' title='bbox 1099 536 1154 592; x_wconf 68' lang='lat'>748</span> 
     </span>
     <span class='ocr_line' id='line_1_5' title="bbox 131 604 986 683; baseline 0.001 -19"><span class='ocrx_word' id='word_1_29' title='bbox 131 604 291 665; x_wconf 82' lang='lat' dir='ltr'><strong>Lethaeum</strong></span> <span class='ocrx_word' id='word_1_30' title='bbox 312 605 349 664; x_wconf 91' lang='lat' dir='ltr'>ad</span> <span class='ocrx_word' id='word_1_31' title='bbox 371 604 489 665; x_wconf 82' lang='lat' dir='ltr'>llurium</span> <span class='ocrx_word' id='word_1_32' title='bbox 512 604 583 664; x_wconf 89' lang='lat' dir='ltr'>deus</span> <span class='ocrx_word' id='word_1_33' title='bbox 605 613 706 664; x_wconf 88' lang='lat' dir='ltr'>erocat</span> <span class='ocrx_word' id='word_1_34' title='bbox 727 605 842 682; x_wconf 79' lang='lat' dir='ltr'>agmine</span> <span class='ocrx_word' id='word_1_35' title='bbox 863 622 986 683; x_wconf 89' lang='lat' dir='ltr'>magno,</span> 
     </span>
    </p>

    <p class='ocr_par' dir='ltr' id='par_1_4' title="bbox 131 687 1155 851">
     <span class='ocr_line' id='line_1_6' title="bbox 131 687 1155 766; baseline -0.001 -19"><span class='ocrx_word' id='word_1_36' title='bbox 131 687 241 749; x_wconf 86' lang='lat' dir='ltr'>scilicet</span> <span class='ocrx_word' id='word_1_37' title='bbox 259 690 435 749; x_wconf 88' lang='lat' dir='ltr'>inmemores</span> <span class='ocrx_word' id='word_1_38' title='bbox 456 705 545 766; x_wconf 87' lang='lat' dir='ltr'>super</span> <span class='ocrx_word' id='word_1_39' title='bbox 566 696 598 747; x_wconf 90' lang='lat' dir='ltr'>ut</span> <span class='ocrx_word' id='word_1_40' title='bbox 622 706 749 748; x_wconf 83' lang='lat' dir='ltr'>convexa</span> <span class='ocrx_word' id='word_1_41' title='bbox 771 689 896 748; x_wconf 78' lang='lat' dir='ltr'>revisant</span> <span class='ocrx_word' id='word_1_42' title='bbox 1100 701 1155 757; x_wconf 70' lang='grc' dir='ltr'>τω</span> 
     </span>
     <span class='ocr_line' id='line_1_7' title="bbox 131 770 883 851; baseline -0.003 -19"><span class='ocrx_word' id='word_1_43' title='bbox 131 789 234 832; x_wconf 88' lang='lat' dir='ltr'>rursus</span> <span class='ocrx_word' id='word_1_44' title='bbox 252 779 281 832; x_wconf 88' lang='lat' dir='ltr'>et</span> <span class='ocrx_word' id='word_1_45' title='bbox 302 773 440 851; x_wconf 90' lang='lat' dir='ltr'>incipiant</span> <span class='ocrx_word' id='word_1_46' title='bbox 456 772 484 831; x_wconf 90' lang='lat' dir='ltr'>in</span> <span class='ocrx_word' id='word_1_47' title='bbox 508 788 632 848; x_wconf 91' lang='lat' dir='ltr'>corpora</span> <span class='ocrx_word' id='word_1_48' title='bbox 654 771 727 832; x_wconf 89' lang='lat' dir='ltr'>velle</span> <span class='ocrx_word' id='word_1_49' title='bbox 748 770 883 833; x_wconf 55' lang='lat' dir='ltr'>reverti!</span> 
     </span>
    </p>
   </div>
   <div class='ocr_carea' id='block_1_3' title="bbox 130 853 1161 3523">
    <p class='ocr_par' dir='ltr' id='par_1_5' title="bbox 130 853 1161 3523">
     <span class='ocr_line' id='line_1_8' title="bbox 174 853 926 933; baseline 0 -18"><span class='ocrx_word' id='word_1_50' title='bbox 174 855 290 916; x_wconf 78' lang='lat' dir='ltr'>Dixerat</span> <span class='ocrx_word' id='word_1_51' title='bbox 310 855 451 915; x_wconf 77' lang='lat' dir='ltr'>Anchises</span> <span class='ocrx_word' id='word_1_52' title='bbox 470 862 628 933; x_wconf 85' lang='lat' dir='ltr'>natumque</span> <span class='ocrx_word' id='word_1_53' title='bbox 649 872 766 932; x_wconf 91' lang='lat' dir='ltr'>unaque</span> <span class='ocrx_word' id='word_1_54' title='bbox 788 853 926 933; x_wconf 78' lang='lat' dir='ltr'>Sibyllam</span> 
     </span>
     <span class='ocr_line' id='line_1_9' title="bbox 133 937 968 1017; baseline 0.001 -20"><span class='ocrx_word' id='word_1_55' title='bbox 133 948 292 999; x_wconf 84' lang='lat' dir='ltr'>conventus</span> <span class='ocrx_word' id='word_1_56' title='bbox 313 939 401 999; x_wconf 90' lang='lat' dir='ltr'>trabit</span> <span class='ocrx_word' id='word_1_57' title='bbox 422 939 451 997; x_wconf 93' lang='lat' dir='ltr'>in</span> <span class='ocrx_word' id='word_1_58' title='bbox 473 937 584 998; x_wconf 90' lang='lat' dir='ltr'>medios</span> <span class='ocrx_word' id='word_1_59' title='bbox 607 938 781 1017; x_wconf 80' lang='lat' dir='ltr'>turbamque</span> <span class='ocrx_word' id='word_1_60' title='bbox 800 946 968 1008; x_wconf 89' lang='lat' dir='ltr'>sonantem,</span> 
     </span>
     <span class='ocr_line' id='line_1_10' title="bbox 132 1020 1005 1100; baseline 0.001 -19"><span class='ocrx_word' id='word_1_61' title='bbox 132 1029 160 1081; x_wconf 88' lang='lat' dir='ltr'>et</span> <span class='ocrx_word' id='word_1_62' title='bbox 182 1020 325 1083; x_wconf 90' lang='lat' dir='ltr'>tumulum</span> <span class='ocrx_word' id='word_1_63' title='bbox 346 1024 436 1099; x_wconf 81' lang='lat' dir='ltr'>capit,</span> <span class='ocrx_word' id='word_1_64' title='bbox 459 1021 537 1082; x_wconf 91' lang='lat' dir='ltr'>unde</span> <span class='ocrx_word' id='word_1_65' title='bbox 558 1023 652 1082; x_wconf 91' lang='lat' dir='ltr'>omnis</span> <span class='ocrx_word' id='word_1_66' title='bbox 673 1021 761 1100; x_wconf 80' lang='lat' dir='ltr'>longo</span> <span class='ocrx_word' id='word_1_67' title='bbox 784 1022 885 1083; x_wconf 88' lang='lat' dir='ltr'>ordine</span> <span class='ocrx_word' id='word_1_68' title='bbox 904 1031 1005 1100; x_wconf 86' lang='lat' dir='ltr'>posset</span> 
     </span>
     <span class='ocr_line' id='line_1_11' title="bbox 132 1104 1157 1184; baseline 0.001 -20"><span class='ocrx_word' id='word_1_69' title='bbox 132 1104 269 1165; x_wconf 82' lang='lat' dir='ltr'>adversos</span> <span class='ocrx_word' id='word_1_70' title='bbox 290 1104 389 1184; x_wconf 88' lang='lat' dir='ltr'>legere</span> <span class='ocrx_word' id='word_1_71' title='bbox 409 1113 437 1165; x_wconf 91' lang='lat' dir='ltr'>et</span> <span class='ocrx_word' id='word_1_72' title='bbox 459 1105 623 1166; x_wconf 78' lang='lat' dir='ltr'>venientum</span> <span class='ocrx_word' id='word_1_73' title='bbox 645 1106 758 1167; x_wconf 90' lang='lat' dir='ltr'>discere</span> <span class='ocrx_word' id='word_1_74' title='bbox 775 1105 878 1166; x_wconf 88' lang='lat' dir='ltr'>voltus.</span> <span class='ocrx_word' id='word_1_75' title='bbox 1102 1117 1157 1175; x_wconf 71' lang='lat'>755</span> 
     </span>
     <span class='ocr_line' id='line_1_12' title="bbox 175 1188 1086 1268; baseline 0.004 -20"><span class='ocrx_word' id='word_1_76' title='bbox 175 1188 274 1249; x_wconf 84' lang='lat' dir='ltr'>‘Nunc</span> <span class='ocrx_word' id='word_1_77' title='bbox 297 1206 365 1266; x_wconf 87' lang='lat' dir='ltr'>age,</span> <span class='ocrx_word' id='word_1_78' title='bbox 388 1188 563 1248; x_wconf 88' lang='lat' dir='ltr'>Dardaniam</span> <span class='ocrx_word' id='word_1_79' title='bbox 584 1189 699 1266; x_wconf 91' lang='lat' dir='ltr'>prolem</span> <span class='ocrx_word' id='word_1_80' title='bbox 721 1207 796 1268; x_wconf 93' lang='lat' dir='ltr'>quae</span> <span class='ocrx_word' id='word_1_81' title='bbox 817 1189 921 1250; x_wconf 88' lang='lat' dir='ltr'>deinde</span> <span class='ocrx_word' id='word_1_82' title='bbox 940 1197 1086 1268; x_wconf 88' lang='lat' dir='ltr'>sequatur</span> 
     </span>
     <span class='ocr_line' id='line_1_13' title="bbox 132 1270 880 1351; baseline 0.005 -22"><span class='ocrx_word' id='word_1_83' title='bbox 132 1270 239 1348; x_wconf 83' lang='lat' dir='ltr'>gloria,</span> <span class='ocrx_word' id='word_1_84' title='bbox 260 1273 310 1349; x_wconf 92' lang='lat' dir='ltr'>qui</span> <span class='ocrx_word' id='word_1_85' title='bbox 331 1279 468 1332; x_wconf 89' lang='lat' dir='ltr'>maneant</span> <span class='ocrx_word' id='word_1_86' title='bbox 487 1270 557 1331; x_wconf 87' lang='lat' dir='ltr'>ltala</span> <span class='ocrx_word' id='word_1_87' title='bbox 581 1272 722 1350; x_wconf 85' lang='lat' dir='ltr'>degente</span> <span class='ocrx_word' id='word_1_88' title='bbox 744 1281 880 1351; x_wconf 88' lang='lat' dir='ltr'>nepotes,</span> 
     </span>
     <span class='ocr_line' id='line_1_14' title="bbox 131 1355 897 1433; baseline 0 -18"><span class='ocrx_word' id='word_1_89' title='bbox 131 1355 261 1415; x_wconf 90' lang='lat' dir='ltr'>inlustris</span> <span class='ocrx_word' id='word_1_90' title='bbox 282 1356 392 1416; x_wconf 91' lang='lat' dir='ltr'>animas</span> <span class='ocrx_word' id='word_1_91' title='bbox 414 1362 605 1433; x_wconf 90' lang='lat' dir='ltr'>nostrumque</span> <span class='ocrx_word' id='word_1_92' title='bbox 626 1375 655 1414; x_wconf 87' lang='lat' dir='ltr'>rn</span> <span class='ocrx_word' id='word_1_93' title='bbox 677 1374 784 1416; x_wconf 92' lang='lat' dir='ltr'>nomen</span> <span class='ocrx_word' id='word_1_94' title='bbox 805 1358 897 1417; x_wconf 90' lang='lat' dir='ltr'>ituras</span> 
     </span>
     <span class='ocr_line' id='line_1_15' title="bbox 132 1438 777 1516; baseline 0.003 -19"><span class='ocrx_word' id='word_1_95' title='bbox 132 1438 283 1516; x_wconf 84' lang='lat' dir='ltr'>expediam</span> <span class='ocrx_word' id='word_1_96' title='bbox 305 1439 387 1500; x_wconf 86' lang='lat' dir='ltr'>dictis</span> <span class='ocrx_word' id='word_1_97' title='bbox 410 1445 440 1499; x_wconf 95' lang='lat' dir='ltr'>et</span> <span class='ocrx_word' id='word_1_98' title='bbox 460 1447 488 1499; x_wconf 86' lang='lat' dir='ltr'>te</span> <span class='ocrx_word' id='word_1_99' title='bbox 509 1448 558 1499; x_wconf 91' lang='lat' dir='ltr'>tua</span> <span class='ocrx_word' id='word_1_100' title='bbox 578 1438 635 1498; x_wconf 86' lang='lat' dir='ltr'>lata</span> <span class='ocrx_word' id='word_1_101' title='bbox 656 1438 777 1499; x_wconf 87' lang='lat' dir='ltr'>docebo.</span> 
     </span>
     <span class='ocr_line' id='line_1_16' title="bbox 132 1520 1158 1601; baseline 0.004 -20"><span class='ocrx_word' id='word_1_102' title='bbox 132 1520 196 1590; x_wconf 93' lang='lat' dir='ltr'>ille,</span> <span class='ocrx_word' id='word_1_103' title='bbox 220 1522 315 1592; x_wconf 78' lang='lat' dir='ltr'>rides,</span> <span class='ocrx_word' id='word_1_104' title='bbox 337 1541 412 1601; x_wconf 92' lang='lat' dir='ltr'>pura</span> <span class='ocrx_word' id='word_1_105' title='bbox 430 1523 542 1582; x_wconf 86' lang='lat' dir='ltr'>iurenis</span> <span class='ocrx_word' id='word_1_106' title='bbox 565 1525 614 1600; x_wconf 94' lang='lat' dir='ltr'>qui</span> <span class='ocrx_word' id='word_1_107' title='bbox 635 1523 734 1582; x_wconf 88' lang='lat' dir='ltr'>nititur</span> <span class='ocrx_word' id='word_1_108' title='bbox 756 1523 851 1592; x_wconf 91' lang='lat' dir='ltr'>basta,</span> <span class='ocrx_word' id='word_1_109' title='bbox 1102 1535 1158 1591; x_wconf 75' lang='lat'>760</span> 
     </span>
     <span class='ocr_line' id='line_1_17' title="bbox 130 1604 950 1682; baseline 0.001 -19"><span class='ocrx_word' id='word_1_110' title='bbox 130 1607 264 1682; x_wconf 85' lang='lat' dir='ltr'>proxima</span> <span class='ocrx_word' id='word_1_111' title='bbox 283 1615 361 1667; x_wconf 85' lang='lat' dir='ltr'>sorte</span> <span class='ocrx_word' id='word_1_112' title='bbox 382 1613 461 1667; x_wconf 88' lang='lat' dir='ltr'>tenet</span> <span class='ocrx_word' id='word_1_113' title='bbox 476 1606 549 1667; x_wconf 90' lang='lat' dir='ltr'>lucis</span> <span class='ocrx_word' id='word_1_114' title='bbox 571 1604 649 1675; x_wconf 92' lang='lat' dir='ltr'>loca,</span> <span class='ocrx_word' id='word_1_115' title='bbox 672 1607 783 1682; x_wconf 91' lang='lat' dir='ltr'>primus</span> <span class='ocrx_word' id='word_1_116' title='bbox 806 1605 842 1666; x_wconf 92' lang='lat' dir='ltr'>ad</span> <span class='ocrx_word' id='word_1_117' title='bbox 864 1622 950 1666; x_wconf 90' lang='lat' dir='ltr'>auras</span> 
     </span>
     <span class='ocr_line' id='line_1_18' title="bbox 132 1689 863 1766; baseline 0 -18"><span class='ocrx_word' id='word_1_118' title='bbox 132 1689 276 1749; x_wconf 88' lang='lat' dir='ltr'>aetherias</span> <span class='ocrx_word' id='word_1_119' title='bbox 297 1689 368 1750; x_wconf 85' lang='lat' dir='ltr'>ltalo</span> <span class='ocrx_word' id='word_1_120' title='bbox 391 1690 564 1750; x_wconf 88' lang='lat' dir='ltr'>commixtus</span> <span class='ocrx_word' id='word_1_121' title='bbox 587 1690 728 1766; x_wconf 85' lang='lat' dir='ltr'>sanguine</span> <span class='ocrx_word' id='word_1_122' title='bbox 749 1696 863 1766; x_wconf 79' lang='lat' dir='ltr'>surget,</span> 
     </span>
     <span class='ocr_line' id='line_1_19' title="bbox 132 1770 924 1849; baseline 0.001 -17"><span class='ocrx_word' id='word_1_123' title='bbox 132 1771 250 1841; x_wconf 86' lang='lat' dir='ltr'>Silvius,</span> <span class='ocrx_word' id='word_1_124' title='bbox 273 1771 416 1832; x_wconf 90' lang='lat' dir='ltr'>Albanum</span> <span class='ocrx_word' id='word_1_125' title='bbox 438 1790 561 1840; x_wconf 92' lang='lat' dir='ltr'>nomen,</span> <span class='ocrx_word' id='word_1_126' title='bbox 584 1780 633 1832; x_wconf 91' lang='lat' dir='ltr'>tua</span> <span class='ocrx_word' id='word_1_127' title='bbox 655 1781 790 1849; x_wconf 90' lang='lat' dir='ltr'>postuma</span> <span class='ocrx_word' id='word_1_128' title='bbox 812 1770 924 1849; x_wconf 88' lang='lat' dir='ltr'>proles,</span> 
     </span>
     <span class='ocr_line' id='line_1_20' title="bbox 132 1854 856 1932; baseline 0.001 -18"><span class='ocrx_word' id='word_1_129' title='bbox 132 1873 219 1932; x_wconf 91' lang='lat' dir='ltr'>quem</span> <span class='ocrx_word' id='word_1_130' title='bbox 241 1856 292 1915; x_wconf 91' lang='lat' dir='ltr'>tibi</span> <span class='ocrx_word' id='word_1_131' title='bbox 312 1854 451 1932; x_wconf 83' lang='lat' dir='ltr'>longaevo</span> <span class='ocrx_word' id='word_1_132' title='bbox 471 1873 570 1915; x_wconf 89' lang='lat' dir='ltr'>serum</span> <span class='ocrx_word' id='word_1_133' title='bbox 593 1854 708 1916; x_wconf 84' lang='lat' dir='ltr'>Lan’nia</span> <span class='ocrx_word' id='word_1_134' title='bbox 731 1856 856 1916; x_wconf 90' lang='lat' dir='ltr'>coniunx</span> 
     </span>
     <span class='ocr_line' id='line_1_21' title="bbox 133 1937 1158 2016; baseline 0.001 -18"><span class='ocrx_word' id='word_1_135' title='bbox 133 1938 237 2000; x_wconf 89' lang='lat' dir='ltr'>educet</span> <span class='ocrx_word' id='word_1_136' title='bbox 257 1937 334 1999; x_wconf 88' lang='lat' dir='ltr'>silvis</span> <span class='ocrx_word' id='word_1_137' title='bbox 354 1955 454 2014; x_wconf 88' lang='lat' dir='ltr'>regem</span> <span class='ocrx_word' id='word_1_138' title='bbox 477 1954 640 2016; x_wconf 89' lang='lat' dir='ltr'>regumque</span> <span class='ocrx_word' id='word_1_139' title='bbox 661 1946 826 2016; x_wconf 90' lang='lat' dir='ltr'>parentem,</span> <span class='ocrx_word' id='word_1_140' title='bbox 1105 1954 1158 2011; x_wconf 71' lang='lat' dir='ltr'>m</span> 
     </span>
     <span class='ocr_line' id='line_1_22' title="bbox 131 2019 924 2099; baseline 0.003 -18"><span class='ocrx_word' id='word_1_141' title='bbox 131 2022 209 2081; x_wconf 91' lang='lat' dir='ltr'>unde</span> <span class='ocrx_word' id='word_1_142' title='bbox 229 2040 321 2099; x_wconf 87' lang='lat' dir='ltr'>genus</span> <span class='ocrx_word' id='word_1_143' title='bbox 344 2021 444 2097; x_wconf 91' lang='lat' dir='ltr'>Longa</span> <span class='ocrx_word' id='word_1_144' title='bbox 467 2030 600 2082; x_wconf 91' lang='lat' dir='ltr'>nostrum</span> <span class='ocrx_word' id='word_1_145' title='bbox 623 2021 819 2082; x_wconf 88' lang='lat' dir='ltr'>dominabitur</span> <span class='ocrx_word' id='word_1_146' title='bbox 841 2019 924 2083; x_wconf 91' lang='lat' dir='ltr'>Alba.</span> 
     </span>
     <span class='ocr_line' id='line_1_23' title="bbox 131 2103 900 2184; baseline 0.003 -22"><span class='ocrx_word' id='word_1_147' title='bbox 131 2105 281 2182; x_wconf 89' lang='lat' dir='ltr'>proximus</span> <span class='ocrx_word' id='word_1_148' title='bbox 302 2103 350 2165; x_wconf 92' lang='lat' dir='ltr'>ille</span> <span class='ocrx_word' id='word_1_149' title='bbox 371 2106 494 2174; x_wconf 88' lang='lat' dir='ltr'>Procas,</span> <span class='ocrx_word' id='word_1_150' title='bbox 517 2104 661 2166; x_wconf 85' lang='lat' dir='ltr'>Troianae</span> <span class='ocrx_word' id='word_1_151' title='bbox 684 2105 775 2184; x_wconf 84' lang='lat' dir='ltr'>gloria</span> <span class='ocrx_word' id='word_1_152' title='bbox 792 2105 900 2180; x_wconf 88' lang='lat' dir='ltr'>gentis,</span> 
     </span>
     <span class='ocr_line' id='line_1_24' title="bbox 132 2187 907 2267; baseline 0 -19"><span class='ocrx_word' id='word_1_153' title='bbox 132 2196 161 2248; x_wconf 88' lang='lat' dir='ltr'>et</span> <span class='ocrx_word' id='word_1_154' title='bbox 183 2187 274 2266; x_wconf 79' lang='lat' dir='ltr'>Capys</span> <span class='ocrx_word' id='word_1_155' title='bbox 297 2197 324 2249; x_wconf 93' lang='lat' dir='ltr'>et</span> <span class='ocrx_word' id='word_1_156' title='bbox 343 2188 476 2249; x_wconf 90' lang='lat' dir='ltr'>Numitor</span> <span class='ocrx_word' id='word_1_157' title='bbox 497 2191 594 2267; x_wconf 90' lang='lat' dir='ltr'>etqui</span> <span class='ocrx_word' id='word_1_158' title='bbox 615 2197 644 2250; x_wconf 91' lang='lat' dir='ltr'>te</span> <span class='ocrx_word' id='word_1_159' title='bbox 665 2191 783 2250; x_wconf 90' lang='lat' dir='ltr'>nomine</span> <span class='ocrx_word' id='word_1_160' title='bbox 803 2188 907 2249; x_wconf 89' lang='lat' dir='ltr'>reddet</span> 
     </span>
     <span class='ocr_line' id='line_1_25' title="bbox 131 2271 816 2351; baseline 0.003 -21"><span class='ocrx_word' id='word_1_161' title='bbox 131 2271 235 2331; x_wconf 86' lang='lat' dir='ltr'>Silvius</span> <span class='ocrx_word' id='word_1_162' title='bbox 256 2274 383 2343; x_wconf 90' lang='lat' dir='ltr'>Aeneas,</span> <span class='ocrx_word' id='word_1_163' title='bbox 406 2273 514 2349; x_wconf 91' lang='lat' dir='ltr'>pariter</span> <span class='ocrx_word' id='word_1_164' title='bbox 536 2274 643 2351; x_wconf 90' lang='lat' dir='ltr'>pictate</span> <span class='ocrx_word' id='word_1_165' title='bbox 661 2272 706 2333; x_wconf 83' lang='lat' dir='ltr'>vel</span> <span class='ocrx_word' id='word_1_166' title='bbox 728 2273 816 2333; x_wconf 89' lang='lat' dir='ltr'>armis</span> 
     </span>
     <span class='ocr_line' id='line_1_26' title="bbox 131 2353 1160 2435; baseline 0.002 -20"><span class='ocrx_word' id='word_1_167' title='bbox 131 2357 280 2433; x_wconf 82' lang='lat' dir='ltr'>egregius,</span> <span class='ocrx_word' id='word_1_168' title='bbox 303 2357 483 2435; x_wconf 89' lang='lat' dir='ltr'>siumquam</span> <span class='ocrx_word' id='word_1_169' title='bbox 505 2357 685 2434; x_wconf 85' lang='lat' dir='ltr'>regnandam</span> <span class='ocrx_word' id='word_1_170' title='bbox 707 2355 853 2435; x_wconf 90' lang='lat' dir='ltr'>acceperit</span> <span class='ocrx_word' id='word_1_171' title='bbox 874 2353 988 2416; x_wconf 80' lang='lat' dir='ltr'>Albam.</span> <span class='ocrx_word' id='word_1_172' title='bbox 1109 2370 1160 2427; x_wconf 74' lang='lat' dir='ltr'>ao</span> 
     </span>
     <span class='ocr_line' id='line_1_27' title="bbox 132 2438 910 2519; baseline -0.003 -20"><span class='ocrx_word' id='word_1_173' title='bbox 132 2440 181 2517; x_wconf 93' lang='lat' dir='ltr'>qui</span> <span class='ocrx_word' id='word_1_174' title='bbox 203 2441 336 2501; x_wconf 84' lang='lat' dir='ltr'>iuvenes!</span> <span class='ocrx_word' id='word_1_175' title='bbox 359 2448 482 2519; x_wconf 89' lang='lat' dir='ltr'>quantas</span> <span class='ocrx_word' id='word_1_176' title='bbox 503 2448 661 2510; x_wconf 88' lang='lat' dir='ltr'>ostentant,</span> <span class='ocrx_word' id='word_1_177' title='bbox 685 2441 796 2518; x_wconf 89' lang='lat' dir='ltr'>aspice,</span> <span class='ocrx_word' id='word_1_178' title='bbox 819 2438 910 2500; x_wconf 89' lang='lat' dir='ltr'>vires!</span> 
     </span>
     <span class='ocr_line' id='line_1_28' title="bbox 131 2523 890 2603; baseline -0.003 -20"><span class='ocrx_word' id='word_1_179' title='bbox 131 2530 219 2600; x_wconf 91' lang='lat' dir='ltr'>atque</span> <span class='ocrx_word' id='word_1_180' title='bbox 240 2523 373 2584; x_wconf 90' lang='lat' dir='ltr'>umbrata</span> <span class='ocrx_word' id='word_1_181' title='bbox 395 2531 501 2600; x_wconf 87' lang='lat' dir='ltr'>gerunt</span> <span class='ocrx_word' id='word_1_182' title='bbox 524 2524 599 2586; x_wconf 87' lang='lat' dir='ltr'>cirili</span> <span class='ocrx_word' id='word_1_183' title='bbox 621 2532 753 2603; x_wconf 92' lang='lat' dir='ltr'>tempora</span> <span class='ocrx_word' id='word_1_184' title='bbox 771 2539 890 2601; x_wconf 91' lang='lat' dir='ltr'>quercu.</span> 
     </span>
     <span class='ocr_line' id='line_1_29' title="bbox 131 2603 967 2686; baseline 0 -21"><span class='ocrx_word' id='word_1_185' title='bbox 131 2606 161 2666; x_wconf 90' lang='lat' dir='ltr'>bi</span> <span class='ocrx_word' id='word_1_186' title='bbox 183 2607 234 2667; x_wconf 89' lang='lat' dir='ltr'>tibi</span> <span class='ocrx_word' id='word_1_187' title='bbox 253 2607 430 2669; x_wconf 89' lang='lat' dir='ltr'>Nomentum</span> <span class='ocrx_word' id='word_1_188' title='bbox 452 2618 481 2669; x_wconf 91' lang='lat' dir='ltr'>et</span> <span class='ocrx_word' id='word_1_189' title='bbox 501 2608 608 2671; x_wconf 87' lang='lat' dir='ltr'>Gabios</span> <span class='ocrx_word' id='word_1_190' title='bbox 630 2608 793 2686; x_wconf 85' lang='lat' dir='ltr'>urbemque</span> <span class='ocrx_word' id='word_1_191' title='bbox 810 2603 967 2675; x_wconf 87' lang='lat' dir='ltr'>Fidenam,</span> 
     </span>
     <span class='ocr_line' id='line_1_30' title="bbox 130 2689 799 2769; baseline 0.001 -20"><span class='ocrx_word' id='word_1_192' title='bbox 130 2689 161 2750; x_wconf 90' lang='lat' dir='ltr'>bi</span> <span class='ocrx_word' id='word_1_193' title='bbox 182 2690 334 2751; x_wconf 88' lang='lat' dir='ltr'>Collatinas</span> <span class='ocrx_word' id='word_1_194' title='bbox 358 2693 509 2769; x_wconf 91' lang='lat' dir='ltr'>imponent</span> <span class='ocrx_word' id='word_1_195' title='bbox 530 2692 678 2753; x_wconf 92' lang='lat' dir='ltr'>montibus</span> <span class='ocrx_word' id='word_1_196' title='bbox 699 2708 799 2760; x_wconf 89' lang='lat' dir='ltr'>arces,</span> 
     </span>
     <span class='ocr_line' id='line_1_31' title="bbox 131 2774 1161 2854; baseline -0.003 -20"><span class='ocrx_word' id='word_1_197' title='bbox 131 2774 279 2834; x_wconf 84' lang='lat' dir='ltr'>Pometios</span> <span class='ocrx_word' id='word_1_198' title='bbox 302 2775 494 2854; x_wconf 88' lang='lat' dir='ltr'>Castrumque</span> <span class='ocrx_word' id='word_1_199' title='bbox 514 2776 577 2835; x_wconf 91' lang='lat' dir='ltr'>lnui</span> <span class='ocrx_word' id='word_1_200' title='bbox 596 2776 756 2853; x_wconf 86' lang='lat' dir='ltr'>Bolamque</span> <span class='ocrx_word' id='word_1_201' title='bbox 777 2774 949 2848; x_wconf 87' lang='lat' dir='ltr'>Coramque.</span> <span class='ocrx_word' id='word_1_202' title='bbox 1109 2786 1161 2846; x_wconf 75' lang='lat' dir='ltr'>m</span> 
     </span>
     <span class='ocr_line' id='line_1_32' title="bbox 131 2856 1102 2928; baseline 0.011 -13"><span class='ocrx_word' id='word_1_203' title='bbox 131 2856 204 2916; x_wconf 90' lang='lat' dir='ltr'>baec</span> <span class='ocrx_word' id='word_1_204' title='bbox 225 2865 287 2916; x_wconf 92' lang='lat' dir='ltr'>tum</span> <span class='ocrx_word' id='word_1_205' title='bbox 308 2859 425 2918; x_wconf 92' lang='lat' dir='ltr'>nomina</span> <span class='ocrx_word' id='word_1_206' title='bbox 449 2865 548 2928; x_wconf 88' lang='lat' dir='ltr'>erunt,</span> <span class='ocrx_word' id='word_1_207' title='bbox 571 2877 649 2918; x_wconf 89' lang='lat' dir='ltr'>nunc</span> <span class='ocrx_word' id='word_1_208' title='bbox 671 2867 739 2920; x_wconf 90' lang='lat' dir='ltr'>sunt</span> <span class='ocrx_word' id='word_1_209' title='bbox 760 2859 822 2919; x_wconf 90' lang='lat' dir='ltr'>sine</span> <span class='ocrx_word' id='word_1_210' title='bbox 841 2856 961 2917; x_wconf 90' lang='lat' dir='ltr'>nomine</span> <span class='ocrx_word' id='word_1_211' title='bbox 984 2864 1102 2925; x_wconf 87' lang='lat' dir='ltr'>terrae.</span> 
     </span>
     <span class='ocr_line' id='line_1_33' title="bbox 131 2940 855 3015; baseline 0 -17"><span class='ocrx_word' id='word_1_212' title='bbox 131 2940 201 3015; x_wconf 93' lang='lat' dir='ltr'>quin</span> <span class='ocrx_word' id='word_1_213' title='bbox 223 2947 252 2998; x_wconf 91' lang='lat' dir='ltr'>et</span> <span class='ocrx_word' id='word_1_214' title='bbox 272 2957 324 2998; x_wconf 89' lang='lat' dir='ltr'>avo</span> <span class='ocrx_word' id='word_1_215' title='bbox 347 2941 481 2999; x_wconf 89' lang='lat' dir='ltr'>comitem</span> <span class='ocrx_word' id='word_1_216' title='bbox 503 2957 567 3001; x_wconf 90' lang='lat' dir='ltr'>sese</span> <span class='ocrx_word' id='word_1_217' title='bbox 589 2941 745 3003; x_wconf 84' lang='lat' dir='ltr'>Mavortius</span> <span class='ocrx_word' id='word_1_218' title='bbox 769 2940 855 3003; x_wconf 94' lang='lat' dir='ltr'>addet</span> 
     </span>
     <span class='ocr_line' id='line_1_34' title="bbox 130 3020 904 3101; baseline 0 -20"><span class='ocrx_word' id='word_1_219' title='bbox 130 3020 286 3091; x_wconf 81' lang='lat' dir='ltr'>Romulus,</span> <span class='ocrx_word' id='word_1_220' title='bbox 308 3024 440 3082; x_wconf 82' lang='lat' dir='ltr'>Assaraci</span> <span class='ocrx_word' id='word_1_221' title='bbox 463 3040 550 3101; x_wconf 90' lang='lat' dir='ltr'>quem</span> <span class='ocrx_word' id='word_1_222' title='bbox 570 3027 719 3101; x_wconf 88' lang='lat' dir='ltr'>sanguinis</span> <span class='ocrx_word' id='word_1_223' title='bbox 739 3025 790 3085; x_wconf 95' lang='lat' dir='ltr'>llia</span> <span class='ocrx_word' id='word_1_224' title='bbox 811 3030 904 3084; x_wconf 89' lang='lat' dir='ltr'>mater</span> 
     </span>
     <span class='ocr_line' id='line_1_35' title="bbox 131 3105 926 3182; baseline 0.003 -17"><span class='ocrx_word' id='word_1_225' title='bbox 131 3105 243 3165; x_wconf 89' lang='lat' dir='ltr'>educet.</span> <span class='ocrx_word' id='word_1_226' title='bbox 287 3105 372 3165; x_wconf 79' lang='lat' dir='ltr'>viden</span> <span class='ocrx_word' id='word_1_227' title='bbox 393 3112 425 3166; x_wconf 93' lang='lat' dir='ltr'>ut</span> <span class='ocrx_word' id='word_1_228' title='bbox 446 3107 578 3182; x_wconf 91' lang='lat' dir='ltr'>geminae</span> <span class='ocrx_word' id='word_1_229' title='bbox 600 3115 676 3167; x_wconf 88' lang='lat' dir='ltr'>stant</span> <span class='ocrx_word' id='word_1_230' title='bbox 694 3111 801 3169; x_wconf 84' lang='lat' dir='ltr'>vertice</span> <span class='ocrx_word' id='word_1_231' title='bbox 822 3106 926 3167; x_wconf 89' lang='lat' dir='ltr'>cristae</span> 
     </span>
     <span class='ocr_line' id='line_1_36' title="bbox 131 3190 1160 3269; baseline 0.002 -20"><span class='ocrx_word' id='word_1_232' title='bbox 131 3197 159 3249; x_wconf 90' lang='lat' dir='ltr'>et</span> <span class='ocrx_word' id='word_1_233' title='bbox 180 3195 263 3266; x_wconf 90' lang='lat' dir='ltr'>pater</span> <span class='ocrx_word' id='word_1_234' title='bbox 284 3190 346 3266; x_wconf 87' lang='lat' dir='ltr'>ipse</span> <span class='ocrx_word' id='word_1_235' title='bbox 367 3207 420 3251; x_wconf 92' lang='lat' dir='ltr'>suo</span> <span class='ocrx_word' id='word_1_236' title='bbox 444 3208 582 3268; x_wconf 92' lang='lat' dir='ltr'>superum</span> <span class='ocrx_word' id='word_1_237' title='bbox 604 3191 660 3250; x_wconf 92' lang='lat' dir='ltr'>iam</span> <span class='ocrx_word' id='word_1_238' title='bbox 683 3192 776 3269; x_wconf 85' lang='lat' dir='ltr'>signat</span> <span class='ocrx_word' id='word_1_239' title='bbox 797 3191 927 3251; x_wconf 71' lang='lat' dir='ltr'>honore?</span> <span class='ocrx_word' id='word_1_240' title='bbox 1110 3205 1160 3265; x_wconf 73' lang='lat' dir='ltr'>m</span> 
     </span>
     <span class='ocr_line' id='line_1_37' title="bbox 131 3272 860 3353; baseline 0.001 -20"><span class='ocrx_word' id='word_1_241' title='bbox 131 3290 167 3333; x_wconf 93' lang='lat' dir='ltr'>en</span> <span class='ocrx_word' id='word_1_242' title='bbox 189 3272 289 3341; x_wconf 91' lang='lat' dir='ltr'>huius,</span> <span class='ocrx_word' id='word_1_243' title='bbox 313 3282 393 3344; x_wconf 87' lang='lat' dir='ltr'>nato,</span> <span class='ocrx_word' id='word_1_244' title='bbox 417 3276 552 3353; x_wconf 88' lang='lat' dir='ltr'>auspiciis</span> <span class='ocrx_word' id='word_1_245' title='bbox 574 3273 621 3334; x_wconf 92' lang='lat' dir='ltr'>illa</span> <span class='ocrx_word' id='word_1_246' title='bbox 642 3273 749 3335; x_wconf 87' lang='lat' dir='ltr'>incluta</span> <span class='ocrx_word' id='word_1_247' title='bbox 769 3276 860 3353; x_wconf 85' lang='lat' dir='ltr'>Roma</span> 
     </span>
     <span class='ocr_line' id='line_1_38' title="bbox 130 3357 838 3438; baseline 0.001 -22"><span class='ocrx_word' id='word_1_248' title='bbox 130 3357 284 3434; x_wconf 89' lang='lat' dir='ltr'>imperium</span> <span class='ocrx_word' id='word_1_249' title='bbox 306 3360 407 3429; x_wconf 89' lang='lat' dir='ltr'>terris,</span> <span class='ocrx_word' id='word_1_250' title='bbox 433 3360 545 3420; x_wconf 91' lang='lat' dir='ltr'>animos</span> <span class='ocrx_word' id='word_1_251' title='bbox 566 3357 701 3436; x_wconf 90' lang='lat' dir='ltr'>aequabit</span> <span class='ocrx_word' id='word_1_252' title='bbox 717 3358 838 3438; x_wconf 75' lang='lat' dir='ltr'>Olympo</span> 
     </span>
     <span class='ocr_line' id='line_1_39' title="bbox 130 3441 893 3523; baseline 0.001 -22"><span class='ocrx_word' id='word_1_253' title='bbox 130 3449 299 3523; x_wconf 86' lang='lat' dir='ltr'>septemque</span> <span class='ocrx_word' id='word_1_254' title='bbox 322 3460 379 3504; x_wconf 89' lang='lat' dir='ltr'>una</span> <span class='ocrx_word' id='word_1_255' title='bbox 402 3443 456 3504; x_wconf 92' lang='lat' dir='ltr'>sibi</span> <span class='ocrx_word' id='word_1_256' title='bbox 478 3460 563 3504; x_wconf 92' lang='lat' dir='ltr'>muro</span> <span class='ocrx_word' id='word_1_257' title='bbox 582 3441 773 3504; x_wconf 90' lang='lat' dir='ltr'>circumdabit</span> <span class='ocrx_word' id='word_1_258' title='bbox 795 3459 893 3512; x_wconf 88' lang='lat' dir='ltr'>arces,</span> 
     </span>
    </p>
   </div>
   <div class='ocr_carea' id='block_1_4' title="bbox 0 0 1204 3878">
    <p class='ocr_par' dir='ltr' id='par_1_6' title="bbox 0 0 1204 3878">
     <span class='ocr_line' id='line_1_40' title="bbox 0 0 1204 3878; baseline 0 0"><span class='ocrx_word' id='word_1_259' title='bbox 0 0 1204 3878; x_wconf 95' lang='lat' dir='ltr'> </span> 
     </span>
    </p>
   </div>
  </div>
 </body>
</html>
