2400 3878
137 207 196 268 tro
473 208 614 267 rantum
635 219 760 268 sunnis
783 219 805 265 v

135 375 205 435 baut
226 391 322 442 mora,
346 371 508 450 prosiluere
529 372 604 431 suis:
624 372 691 432 ierit
711 372 829 434 aethera
851 372 959 434 clamor
1098 388 1151 441 140

136 458 282 526 nauticuS,
305 456 435 516 adductis
455 464 591 533 spumant
611 455 685 515 lreta
706 473 788 515 versa
811 455 935 517 lacertis.

136 541 280 601 miindunt
300 541 409 615 pariter
432 537 544 607 sulcos,
567 545 718 615 totumque
741 538 862 599 dehiscit

136 622 304 683 convolsum
326 624 414 682 remis
434 622 594 698 rostrisque
616 620 789 680 tridentibus
812 640 931 699 aequor.

136 714 275 767 nontam
297 707 470 782 praecipites
491 705 588 781 biiugo
610 704 768 763 certamine
791 722 926 783 campum

136 791 305 866 corripuere
326 796 473 866 ruuntque
496 787 578 848 ellusi
601 805 718 847 carcere
740 805 859 857 curnis,
1101 804 1152 858 145

136 890 190 932 nec
213 874 255 931 sic
276 873 411 931 lmmissis
432 873 550 947 aurigae
572 871 710 931 undantia
730 870 792 932 lora

136 972 311 1016 concussere
331 956 406 1031 iugis
426 957 570 1033 pronique
591 956 622 1013 in
645 954 767 1014 verbera
787 955 923 1032 pendent.

137 1046 197 1098 tum
220 1037 324 1114 plausu
347 1040 522 1116 fremituque
544 1039 638 1098 virum
663 1037 824 1115 studiisque
844 1037 992 1100 faventum

136 1129 276 1182 consonat
297 1140 384 1182 omne
406 1140 525 1189 nemus,
550 1137 710 1196 vocemque
731 1119 842 1182 inclusa
865 1122 993 1183 volutant

135 1202 233 1273 litora,
255 1205 360 1282 pulsati
383 1204 470 1265 colles
493 1204 620 1264 clamore
638 1202 788 1263 resultant.
1099 1221 1152 1272 150

136 1289 236 1364 ellugit
255 1298 321 1349 ante
343 1288 413 1348 alios
435 1289 594 1365 primisque
617 1286 740 1347 elabitur
761 1287 846 1348 undis

135 1371 251 1431 turbam
273 1374 348 1432 inter
368 1372 572 1448 fremitumque
595 1373 684 1448 Gyas;
709 1387 796 1446 quem
819 1371 923 1432 deinde
944 1370 1106 1434 Cloanthus

135 1458 336 1532 consequitur,
357 1455 459 1515 melior
479 1457 581 1524 remis,
604 1455 655 1515 sed
676 1452 808 1531 pondere
828 1456 914 1532 pinus

134 1538 216 1597 tarda
239 1546 325 1598 tenet.
370 1547 436 1615 post
456 1539 508 1598 bas
531 1557 624 1616 aequo
647 1537 813 1597 discrimine
833 1537 934 1597 Pristis

135 1618 353 1699 Centaurusque
371 1623 468 1682 locum
489 1622 612 1682 tendunt
633 1637 774 1696 superare
795 1621 939 1696 priorem;
1097 1636 1151 1688 155

135 1710 163 1761 et
183 1721 262 1762 nunc
285 1705 386 1764 Pristis
408 1705 510 1774 habet,
533 1722 612 1764 nunc
634 1705 738 1762 victam
759 1705 899 1779 praeterit
920 1705 1022 1780 ingens

136 1784 311 1856 Centaurus,
335 1805 413 1847 nunc
436 1807 492 1847 una
511 1787 614 1847 ambae
635 1788 797 1863 iunctisque
820 1785 952 1846 leruntur

134 1867 279 1928 frontibus
299 1877 328 1928 et
346 1870 432 1946 longa
454 1870 567 1929 sulcant
588 1870 660 1929 vada
680 1868 755 1928 salsa
775 1869 881 1928 carina.

134 1952 249 2028 iamque
270 1952 506 2030 propinquabant
525 1952 644 2029 scopulo
667 1961 831 2029 metamque
848 1953 1001 2022 tenebant,

134 2050 200 2093 cum
222 2036 359 2112 princeps
381 2037 536 2113 medioque
558 2036 635 2114 Gyas
655 2038 685 2096 in
707 2036 821 2112 gurgite
844 2036 934 2094 victor
1095 2050 1152 2103 16⁰

133 2123 276 2177 rectorem
298 2121 377 2178 navis
400 2119 555 2196 compellat
575 2137 645 2180 voce
665 2118 833 2179 Menoeten:

134 2208 208 2275 ‘quo
228 2206 338 2261 tantum
358 2202 428 2262 mihi
450 2203 553 2263 dexter
575 2203 654 2263 abisl
674 2203 732 2262 huc
754 2201 853 2278 derige
873 2217 1023 2276 gressum;

132 2279 199 2341 litus
221 2300 285 2343 ama
308 2292 337 2343 et
358 2284 438 2346 laeva
459 2287 581 2364 stringat
603 2288 665 2346 sine
686 2283 812 2363 palmula
834 2292 946 2352 cautes;

133 2363 222 2425 altum
244 2365 291 2426 alii
313 2369 452 2429 teneant’.
497 2369 580 2443 dixit,
600 2370 651 2429 sed
672 2386 758 2429 caeca
778 2366 926 2427 Menoetes

132 2465 200 2508 saxa
221 2450 326 2511 timens
348 2469 466 2528 proram
487 2452 583 2530 pelagi
605 2453 758 2529 detorquet
777 2450 813 2510 ad
836 2450 936 2511 undas.
1096 2465 1151 2519 16⁵

132 2540 205 2608 ‘quo
227 2533 357 2595 diversus
376 2535 468 2595 ebisl¹
491 2538 598 2598 iterum
621 2543 703 2613 ‘pete
724 2552 806 2603 saxa,
829 2531 989 2593 Menoetel’

132 2632 198 2674 oum
220 2615 348 2677 clamore
370 2619 445 2698 Gyas
467 2619 635 2681 revocabat:
660 2626 688 2679 et
708 2636 776 2679 ecce
798 2615 969 2676 Cloanthum

131 2699 248 2775 respicit
269 2702 424 2763 instantem
444 2710 527 2780 tergo
544 2711 572 2764 et
591 2704 729 2780 propiora
750 2706 905 2761 tenentem.

132 2779 179 2841 ille
202 2782 276 2843 inter
298 2802 459 2862 navemque
481 2786 559 2864 Gyae
580 2785 774 2862 scopulosque
796 2784 924 2844 sonantis

131 2865 205 2922 radit
225 2867 281 2925 iter
302 2865 414 2927 laevom
436 2869 556 2928 interior
577 2870 731 2946 subitoque
751 2870 878 2943 priorem

130 2950 269 3022 praeterit
292 2957 320 3009 et
338 2952 422 3010 metis
442 2958 521 3011 tenet
543 2968 669 3028 aequora
692 2958 752 3009 tuta
774 2948 889 3009 relictis.

129 3035 191 3087 tum
213 3048 281 3091 vero
301 3034 407 3091 exarsit
425 3034 520 3093 iuveni
540 3033 623 3093 dolor
644 3033 758 3092 ossibus
781 3034 884 3110 ingens

130 3129 184 3171 nec
204 3111 331 3174 lacrimis
350 3132 473 3177 caruere
491 3132 597 3192 genae,
621 3134 799 3196 segnemque
820 3115 973 3177 Menoeten

130 3193 236 3255 oblitus
259 3197 429 3276 decorisque
452 3201 496 3260 sui
518 3202 688 3278 sociumque
709 3200 809 3260 salutis

129 3278 158 3336 in
178 3297 259 3339 mare
280 3284 468 3358 praecipitem
489 3285 580 3361 puppi
602 3284 738 3345 deturbat
758 3283 793 3342 ab
816 3283 885 3343 alta:

128 3362 190 3438 ipse
213 3362 390 3439 gubernaclo
410 3375 509 3428 rector
528 3367 622 3438 subit,
646 3370 709 3444 ipse
731 3366 867 3443 magister

129 3443 320 3526 hortaturque
340 3451 416 3509 viros
435 3449 604 3527 clavomque
624 3454 659 3512 ad
682 3451 766 3510 litora
789 3456 911 3525 torquet.
