2400 3878
471 238 614 286 VERGHA
635 236 774 284 echone
795 237 818 282 X

266 394 434 456 audieram?
456 410 597 454 numeros
618 391 753 460 memini,
776 391 801 449 si
822 389 909 450 verha
932 398 1075 452 tenerem.
1115 404 1149 458 45

268 479 405 556 ‘Daphni,
430 475 498 556 quid
521 479 655 554 antiquos
676 475 827 551 signorum
850 475 972 552 suspicis
994 477 1097 536 ortus?

267 580 336 623 ecce
357 562 475 622 Dionaei
497 559 638 638 processit
660 557 791 618 Caesaris
812 566 933 628 astrum,

267 654 392 716 astrum,
416 664 473 724 quo
495 652 607 722 segetes
629 642 791 720 gauderent
812 641 946 719 frugibus
968 649 997 704 et
1018 661 1077 722 quo

269 731 390 791 duceret
410 729 516 807 apricis
537 728 566 787 in
590 725 713 787 collihus
734 744 788 785 uva
812 724 950 786 colorent

266 815 372 881 insere,
389 813 512 890 Daphni,
529 813 625 889 piros;
649 816 770 887 carpent
784 817 833 870 tua
848 827 936 887 poma
950 807 1091 888 nepotes!
1115 824 1151 874 50

268 897 311 956 M.
340 894 443 956 Omnia
463 897 532 965 lers,
555 900 643 962 aetas,
665 895 794 954 animum
822 911 953 972 quoque;
982 911 1069 971 saepe
1094 913 1151 972 ego

904 977 1009 1055 longos

267 1063 410 1123 cantando
431 1081 557 1140 puerunt
579 1062 697 1122 memini
719 1079 766 1122 nee
788 1061 916 1122 condere
937 1061 1027 1122 soles:

267 1164 347 1207 nunc
368 1146 456 1206 ohlita
478 1146 549 1206 mihi
570 1152 614 1206 tot
636 1146 781 1214 carmina;
809 1163 864 1204 vox
888 1164 1003 1224 quoquc
1024 1144 1149 1206 Moerim

266 1231 323 1290 iam
345 1231 418 1306 fugit
440 1233 516 1308 ipsa;
540 1229 600 1306 lupi
622 1229 743 1289 Moerim
766 1228 864 1291 videre
886 1231 1008 1307 priores.

267 1315 318 1375 sed
340 1323 437 1375 tanun
459 1315 517 1374 ista
537 1315 605 1373 satis
627 1314 735 1374 reseret
755 1313 808 1373 tihi
829 1332 916 1392 saepe
937 1312 1090 1375 Menalcas.
1114 1328 1149 1378 55

267 1399 302 1460 L.
324 1397 476 1459 Causando
498 1406 614 1458 nostros
635 1398 664 1456 in
686 1397 804 1475 longum
829 1398 910 1458 ducis
932 1416 1055 1458 amores.

268 1489 296 1544 ct
317 1501 396 1544 nunc
417 1501 504 1544 omne
524 1482 577 1542 tihi
599 1488 721 1543 stratum
743 1481 808 1542 silet
829 1500 954 1561 aequor,
984 1491 1013 1542 et
1034 1499 1147 1554 omnes,

267 1568 377 1644 aspice,
399 1568 510 1629 ventosi
533 1568 700 1628 ceciderunt
721 1567 880 1627 murmuris
902 1585 998 1627 aurae.

266 1650 334 1710 hinc
355 1651 428 1711 adeo
450 1652 545 1712 media
567 1659 611 1710 est
631 1651 716 1710 nohis
737 1652 794 1719 via;
818 1668 943 1727 namque
958 1648 1148 1727 sepulchrum

265 1732 366 1809 incipit
387 1751 529 1808 apparere
551 1733 697 1792 Bianoris:
720 1733 781 1800 hic,
803 1733 854 1792 ubi
876 1732 979 1792 densas
1115 1745 1150 1799 60

267 1813 411 1892 agricolae
434 1817 581 1893 stringunt
601 1814 733 1884 frondes,
757 1815 819 1883 hic,
842 1815 948 1884 Moeri,
971 1833 1127 1888 canamus;

266 1898 314 1958 hic
336 1898 444 1959 haedos
467 1899 596 1975 depone,
618 1906 717 1958 tamen
736 1899 886 1958 veniemus
908 1899 938 1957 in
959 1899 1074 1959 urbem.

265 1988 315 2042 aut
336 1983 375 2051 si,
399 2001 456 2042 nor
478 1981 610 2060 pluviarn
626 1999 663 2043 nc
685 1980 798 2059 colligat
821 1989 902 2052 ante,
925 2001 1070 2055 veremur,

266 2071 414 2127 cantantes
435 2065 503 2128 licet
523 2084 616 2144 usque
639 2066 743 2145 (minus
764 2066 808 2126 via
830 2066 926 2146 laedit)
951 2086 1065 2137 eamus;

266 2156 413 2211 cantantes
434 2159 467 2211 ut
489 2169 603 2220 eamus,
627 2167 680 2227 ego
703 2150 759 2210 hoc
780 2158 809 2211 te
832 2153 909 2212 lasce
930 2150 1041 2213 levabo.
1112 2162 1144 2216 6⁵

267 2234 309 2292 M.
337 2233 443 2296 Desine
457 2234 558 2314 plura,
574 2252 662 2312 puer,
679 2243 708 2295 et
723 2235 801 2314 quod
816 2254 895 2296 nunc
909 2236 995 2296 instat
1010 2253 1131 2312 agamus

266 2318 393 2379 carmina
414 2325 476 2380 turn
498 2318 704 2389 melina,cun1
726 2321 837 2381 venerit
858 2321 938 2398 ipse,
961 2335 1108 2380 canemus.

621 2580 659 2665 X

554 2727 731 2776 GALLV&

262 2825 432 2886 Extremum
454 2825 549 2892 hunc,
571 2825 729 2892 Arethusa,
752 2822 822 2880 mihi
845 2820 973 2880 concede
994 2820 1132 2886 laborum

262 2925 356 2984 pauca
377 2924 443 2965 mco
466 2905 558 2974 Gallo,
581 2906 632 2966 sed
655 2923 728 2982 quae
748 2902 826 2981 legat
847 2903 908 2980 ipsa
931 2902 1058 2980 Lycoris,

265 2990 393 3050 carmina
415 2995 483 3050 sunt
504 2989 641 3049 dicenda:
663 2994 751 3066 neget
773 2990 836 3066 quis
859 2986 988 3047 carmina
1010 2986 1112 3050 Gahot

268 3072 310 3132 sic
331 3072 398 3142 tihi,
422 3090 488 3133 curn
510 3073 616 3134 flnctus
637 3071 839 3151 supterlahere
862 3071 990 3138 Sicanos,

263 3156 348 3217 Doris
370 3175 469 3218 amara
491 3175 574 3218 suant
595 3176 654 3217 non
676 3158 874 3217 intermisceat
895 3153 1019 3214 undam:
1128 3171 1145 3222 5

266 3241 376 3319 incipe;
399 3240 537 3302 sollicitos
559 3241 632 3302 Galli
654 3242 784 3302 dicamus
805 3255 929 3301 amores.

263 3325 332 3386 durn
355 3333 456 3387 tenera
478 3326 630 3387 attondent
650 3327 742 3386 simae
760 3323 883 3399 virgulta
906 3319 1043 3397 capellae.

262 3427 323 3470 non
344 3411 475 3472 canimus
496 3411 606 3481 surdis,
628 3407 807 3486 respondent
828 3407 924 3466 omnia
946 3404 1042 3466 silvae.

308 3493 389 3567 Quae
403 3512 523 3556 nemora
537 3502 587 3554 aut
607 3494 656 3573 qui
677 3509 728 3552 vos
748 3488 839 3551 saltus
860 3491 1005 3560 hahuere,
1028 3489 1143 3567 puellae
