2400 3878
371 259 514 308 veneror
535 259 738 308 unonarcon
761 259 814 306 1111
1063 242 1102 306 83

91 415 161 492 quin
182 414 261 490 ipsae
283 420 422 491 stupuere
444 413 547 474 domus
568 424 655 492 atque
675 414 775 473 intima
797 412 859 472 Leti

93 497 214 556 Tartara
237 496 445 575 caeruleosque
467 496 609 573 implexae
632 496 762 556 crinibus
783 513 893 572 angues

93 579 282 649 Eumenides,
305 581 455 658 tenuitque
476 580 590 639 inhians
611 581 666 639 tria
688 578 834 639 Cerberus
855 596 916 646 ora,

94 670 180 739 atque
202 663 303 722 Ixionii
323 672 411 724 cantu
432 671 497 722 rota
519 665 646 723 constitit
667 662 755 721 orbis.

93 746 207 822 iamque
228 746 334 824 pedem
355 747 488 806 reserens
510 763 594 806 casus
616 752 747 806 evaserat
768 746 871 813 omnis,
1052 754 1103 809 485

94 829 264 907 redditaque
285 829 429 908 Eurydice
451 847 573 906 superas
594 828 727 888 veniebat
749 828 785 888 ad
806 846 893 887 auras

92 929 169 989 pone
190 930 316 990 sequeus
338 912 473 991 (namque
494 913 571 971 hanc
592 912 712 972 dederat
732 912 907 988 Proserpina
929 910 1044 991 legem),

93 1011 160 1053 cum
181 994 277 1055 subita
298 997 448 1055 incautum
470 995 613 1055 dementia
636 996 712 1072 cepit
733 1001 892 1062 amantem,

93 1078 269 1153 ignoscenda
292 1079 423 1156 quidem,
446 1079 555 1139 scirent
576 1080 600 1137 si
621 1080 774 1153 ignoscere
795 1094 910 1138 manes:

92 1162 209 1230 restitit,
232 1161 455 1240 Eurydicenque
477 1180 560 1222 suam
582 1163 639 1220 iam
661 1160 726 1221 luce
748 1160 802 1221 sub
825 1163 886 1238 ipsa
1052 1169 1103 1226 490

93 1244 246 1303 immemor
266 1243 324 1305 beu
347 1246 496 1323 rictusque
517 1246 605 1304 animi
626 1246 763 1321 respexit.
807 1244 847 1304 ibi
869 1246 963 1304 omnis

93 1326 201 1386 effusus
222 1326 306 1386 labor
328 1335 414 1405 atque
436 1329 552 1387 immitis
573 1336 658 1405 rupta
680 1329 794 1405 tyranni

94 1408 211 1468 foedera
233 1417 338 1486 terque
360 1410 459 1484 fragor
480 1412 603 1484 stagnist
624 1411 739 1469 auditus
760 1411 874 1469 Averni.

93 1489 141 1550 illa
164 1492 243 1570 ‘quis
265 1499 294 1551 et
315 1491 376 1551 me’
398 1493 492 1569 inquit
513 1493 664 1551 ‘miseram
687 1499 765 1551 otte
786 1492 928 1568 perdidit,
958 1492 1087 1568 Orpheu,

94 1575 157 1650 quis
178 1581 276 1633 tantus
298 1573 399 1634 furori
442 1592 479 1633 en
500 1577 607 1634 iterum
629 1574 755 1634 crudelia
777 1582 858 1633 retro
1053 1588 1103 1642 495

94 1655 151 1715 iata
173 1663 290 1724 vocant,
315 1657 470 1734 conditque
492 1659 619 1717 natantia
642 1657 750 1717 lumina
771 1675 900 1718 somnus.

93 1741 209 1817 iamque
230 1738 307 1799 vale:
352 1739 433 1800 feror
453 1741 563 1817 ingenti
585 1741 763 1800 circumdata
784 1749 871 1800 nocte

92 1821 288 1901 irrralidasque
309 1822 360 1882 tibi
382 1824 519 1892 tendens,
542 1823 600 1883 heu
622 1841 680 1882 uon
702 1832 765 1893 tua,
787 1824 898 1900 palmas
923 1873 930 1885 .
955 1872 961 1886 .
986 1872 993 1885 .
1019 1825 1035 1885 .’

93 1904 177 1973 dixit,
202 1913 286 1966 etex
309 1905 400 1965 oculis
422 1905 518 1966 subito
540 1925 593 1966 ceu
616 1907 713 1966 fumus
734 1909 764 1967 in
787 1926 873 1967 auras

92 1990 264 2049 commixtus
286 1991 380 2049 teuuis
401 1990 475 2065 iugit
496 1990 624 2057 diversa,
647 2008 743 2067 neque
764 1990 846 2050 illum
1053 2005 1104 2056 500

91 2081 277 2148 prensantem
298 2074 475 2150 nequiquam
498 2073 617 2133 umbras
640 2080 668 2131 et
688 2072 778 2133 multa
800 2073 943 2134 volentem

91 2153 188 2214 dicere
210 2162 361 2233 praeterea
385 2156 465 2223 ridit;
510 2174 565 2216 nec
586 2158 709 2233 portitor
732 2156 801 2216 Orci

92 2238 215 2313 amplius
236 2238 381 2299 obiectam
403 2256 506 2316 passus
527 2241 651 2299 transire
672 2239 817 2316 paludem.

91 2321 159 2398 quid
182 2321 308 2381 iaceret?
351 2339 409 2400 quo
431 2331 566 2399 serapte
588 2322 633 2382 bis
656 2324 779 2397 coniuge
801 2325 910 2384 ferret?

91 2421 149 2479 quo
172 2402 241 2462 lietu
263 2405 371 2471 manis,
395 2423 469 2483 quae
492 2407 611 2465 numina
633 2423 703 2464 voce
725 2409 874 2466 moveret?
1050 2420 1101 2470 505

84 2484 153 2562 ¹[illa
176 2486 292 2560 quidem
315 2487 412 2562 Stygia
433 2486 523 2544 nabat
543 2488 600 2545 iam
622 2487 725 2562 frigida
748 2489 878 2568 cumba]

90 2574 202 2642 septem
224 2566 305 2625 illum
326 2573 404 2625 totos
424 2566 579 2644 perhibent
601 2586 636 2626 ex
659 2569 759 2627 ordine
781 2588 896 2630 menses

89 2666 164 2725 rupe
185 2648 240 2707 sub
264 2651 342 2708 aeria
364 2648 472 2708 deserti
494 2649 530 2707 ad
552 2650 713 2727 Strymonis
734 2651 843 2711 undam

89 2728 175 2790 flesse
197 2730 252 2791 sibi
275 2739 304 2791 et
324 2730 426 2807 gelidis
447 2732 520 2807 haec
542 2732 681 2792 evolvisse
702 2733 757 2792 sub
780 2738 863 2795 astris

89 2812 265 2873 mulcentem
286 2816 369 2891 tigris
391 2821 419 2874 et
440 2822 574 2891 agentem
597 2817 724 2877 carmine
747 2837 887 2896 quercus;

89 2896 181 2974 qualis
202 2896 327 2979 populea
349 2916 484 2958 maerens
505 2898 660 2976 philomela
682 2900 735 2961 sub
759 2902 863 2963 umbra

88 2981 208 3039 amissos
230 2983 362 3059 queritur
384 2983 473 3050 letus,
497 3000 570 3060 quos
591 2983 682 3041 durus
704 2993 802 3044 arator

89 3061 247 3123 observans
268 3065 337 3124 nido
359 3064 495 3143 inplumis
517 3066 658 3132 detraxit:
682 3075 711 3126 at
732 3068 779 3127 illa

88 3144 138 3204 ssat
159 3154 289 3216 noctem,
312 3167 453 3227 ramoque
475 3149 579 3209 sedens
601 3150 765 3209 miserabile
788 3170 905 3212 carmen

88 3228 227 3303 integrat,
252 3237 281 3289 et
302 3232 418 3290 maestis
439 3229 496 3291 late
518 3231 581 3290 loca
604 3232 754 3308 questibus
776 3234 884 3310 implet.

88 3310 167 3370 nulla
188 3311 300 3379 Venus,
323 3331 381 3372 nou
403 3312 454 3373 ulli
476 3315 603 3373 animum
625 3314 733 3373 llexere
755 3315 915 3392 hymenaei.

88 3390 168 3452 solus
188 3393 387 3472 hyperboreas
408 3395 515 3471 glacies
537 3397 714 3474 Tanaimque
736 3399 859 3459 nivalem

88 3491 214 3552 arvaque
235 3476 372 3553 Riphaeis
392 3495 552 3556 numquam
574 3479 687 3538 viduata
708 3482 819 3556 pruinis

852 3584 894 3637 fl*
