2400 3878
437 219 580 266 VERGILI
600 218 725 266 Alertffls
748 219 771 266 V

98 374 202 435 velocis
224 373 318 434 iaculo
340 391 441 434 cervos
464 390 611 450 cursuque
631 373 743 451 fatigat,

96 476 179 526 acer,
202 457 347 517 anhelanti
363 456 480 527 similis,
500 474 587 535 quem
608 473 733 534 praepes
754 455 790 516 ab
812 455 861 516 lda

97 540 252 602 sublimem
273 539 397 617 pedibus
417 541 512 618 rapuit
530 540 604 600 lovis
625 541 752 617 armiger
774 541 873 601 uncis:

95 625 227 704 longaevi
248 622 360 702 palmas
382 625 559 702 nequiquam
581 623 618 683 ad
640 622 737 684 sidera
758 622 880 684 tendunt

96 707 247 774 custodes,
266 709 414 786 saevitque
436 725 541 767 canum
561 706 682 767 latratus
703 708 733 766 in
755 724 848 767 auras.

95 792 194 870 atqui
217 791 321 852 deinde
342 790 440 851 locum
460 792 553 852 tenuit
575 792 678 851 virtute
700 789 876 859 secundum,

95 875 208 937 levibus
227 875 295 935 huic
317 875 411 937 bamis
434 881 600 945 consertam
618 893 748 952 auroque
770 873 893 934 trilicem

95 959 230 1029 loricam,
252 977 338 1036 quam
360 958 499 1020 Demoleo
522 959 686 1018 detraxerat
708 960 771 1036 ipse

95 1045 185 1103 victor
207 1043 282 1120 apud
294 1043 429 1120 rapidum
451 1043 598 1103 Simoenta
620 1041 674 1102 sub
693 1041 745 1102 llio
767 1041 839 1110 alto,

95 1127 182 1186 donat
203 1125 312 1188 babere
333 1127 409 1197 viro,
430 1127 519 1188 decus
541 1133 569 1187 et
590 1132 718 1187 tutamen
740 1126 770 1188 in
788 1126 884 1201 arnus.

97 1211 141 1270 vix
163 1209 240 1270 illam
264 1209 363 1271 l’amuli
384 1211 519 1289 Phegeus
541 1210 717 1288 Sagarisque
738 1209 872 1270 terebant

95 1292 283 1372 multiplicem
303 1295 399 1354 conixi
421 1293 545 1362 umeris;
565 1294 684 1354 indutus
705 1301 733 1353 at
757 1293 825 1353 olim

94 1376 248 1437 Demoleos
271 1395 358 1438 cursu
382 1376 506 1457 palantis
524 1376 617 1437 Troas
639 1376 752 1454 agebat.

94 1462 178 1521 tertia
203 1460 278 1519 dona
301 1459 370 1520 lacit
391 1461 521 1538 geminos
544 1479 578 1520 ex
602 1477 671 1520 aere
689 1458 798 1519 lebetas

95 1544 267 1623 cymbiaque
290 1551 411 1620 argento
433 1542 561 1620 perlecta
578 1549 666 1621 atque
688 1559 791 1619 aspera
806 1545 903 1619 signis.

94 1630 209 1706 iamque
231 1627 303 1687 adeo
322 1627 420 1691 donati
442 1643 543 1686 omnes
564 1625 727 1704 opibusque
748 1625 867 1702 superbi

94 1712 226 1792 puniceis
248 1710 329 1771 ibant
349 1710 453 1771 evincti
476 1717 607 1785 tempora
630 1710 737 1779 taenis,

94 1814 161 1855 cum
182 1812 299 1855 saevoe
320 1793 441 1873 scopulo
463 1792 552 1853 multa
576 1795 621 1854 vix
643 1800 706 1854 arte
726 1791 872 1861 revolsus,
1057 1801 1108 1856 270

94 1879 207 1939 amissis
228 1879 317 1938 remis
338 1885 424 1956 atque
445 1878 547 1938 ordine
571 1876 673 1938 debilis
695 1894 773 1954 uno,

93 1964 213 2022 inrisam
232 1962 295 2021 sine
314 1960 427 2023 honore
447 1967 539 2022 ratem
560 1962 714 2037 Sergestus
737 1959 849 2037 agebat.
852 1996 950 2042 -s

94 2045 187 2123 qualis
209 2063 297 2123 saepe
320 2046 381 2106 viae
404 2046 566 2123 deprensus
587 2046 617 2104 in
639 2061 747 2122 aggere
769 2062 906 2121 serpens,
957 2094 959 2098 ,

93 2147 179 2189 aerea
202 2146 289 2209 quem
312 2128 439 2190 oblicum
460 2136 525 2189 rota
547 2130 650 2188 transit
672 2134 721 2189 aut
742 2128 836 2204 gravis
858 2129 916 2188 ictu

93 2214 270 2274 seminecem
289 2211 372 2290 liquit
393 2231 463 2274 saxo
482 2211 671 2290 lacerumque
694 2212 800 2278 viator;
1057 2218 1107 2272 275

93 2299 269 2375 nequiquam
290 2294 393 2373 longos
415 2296 530 2374 lugiens
552 2297 601 2356 dat
620 2313 744 2374 corpore
765 2301 872 2361 tortus,

92 2388 175 2458 parte
197 2381 280 2440 lerox
302 2381 466 2458 ardensque
488 2379 579 2440 oculis
601 2386 629 2438 et
650 2377 734 2438 sibila
752 2376 825 2438 colla

94 2463 203 2523 arduus
222 2463 369 2533 attollens,
393 2481 462 2542 pars
479 2462 599 2522 volnere
618 2460 721 2521 clauda
743 2468 868 2519 retentat

94 2547 242 2607 nixantem
263 2547 347 2607 nodis
369 2565 459 2623 seque
481 2548 510 2605 in
533 2563 586 2604 sua
607 2542 738 2603 membra
761 2541 930 2620 plicantem:

94 2627 144 2688 tali
164 2631 286 2706 remigio
309 2632 389 2689 navis
411 2647 442 2690 se
463 2628 546 2688 tarda
568 2625 717 2692 movebat;
1055 2632 1111 2684 280

95 2710 156 2772 vela
179 2712 248 2773 lacit
268 2721 365 2773 tamen
389 2719 417 2773 et
438 2711 534 2788 plenis
555 2709 633 2771 subit
654 2708 727 2768 ostia
749 2706 827 2768 velis.

95 2796 263 2873 Sergestum
286 2798 399 2857 Aeneas
422 2796 565 2872 promisso
588 2811 711 2854 munere
733 2792 821 2851 donat

93 2887 236 2941 servatam
260 2879 297 2940 ob
318 2898 420 2941 navem
441 2879 533 2940 laetus
555 2877 709 2954 sociosque
727 2875 875 2936 reductos.

93 2961 141 3023 olli
163 2982 246 3024 serva
267 2964 366 3034 datur,
390 2981 513 3043 operum
534 2962 605 3022 haut
627 2963 727 3039 ignara
750 2959 908 3028 Minervae,

94 3046 197 3106 Cressa
220 3063 327 3123 genus,
347 3046 473 3116 Pholoe,
497 3047 663 3124 geminique
685 3043 739 3103 sub
763 3043 855 3104 ubere
877 3044 946 3102 nati.
1055 3050 1109 3103 285·

134 3129 196 3190 Hoc
217 3132 282 3207 pius
299 3132 411 3192 Aeneas
432 3132 520 3192 misso
543 3129 700 3191 certamine
721 3128 812 3187 tendit

93 3214 275 3292 gramineum
297 3215 327 3274 in
349 3232 499 3294 campum,
523 3231 609 3293 quem
633 3209 755 3272 collibus
775 3211 904 3287 undique
926 3209 1020 3268 curvis

93 3295 248 3374 cingebant
267 3296 368 3366 silvae,
393 3298 546 3374 mediaque
567 3298 597 3356 in
613 3294 686 3356 valle
704 3293 809 3354 theatri

93 3397 189 3440 sucus
212 3386 289 3448 erat;
313 3399 370 3460 quo
392 3399 424 3442 se
447 3379 544 3442 multis
567 3398 633 3440 cum
654 3375 771 3437 milibus
791 3376 879 3437 heros

93 3481 232 3525 consessu
253 3464 380 3524 medium
402 3463 468 3525 tulit
491 3469 681 3541 extructoque
704 3461 812 3521 resedit
1054 3466 1110 3522 290·
