2400 3878
140 199 201 262 368
456 212 486 258 n.
510 209 653 258 vundnn
675 210 828 258 nunonis

140 376 168 426 et
190 383 388 445 quoscumque
410 373 517 424 novant
540 366 689 426 vernantia
710 373 843 444 tempora
864 364 961 433 ssores,
1100 371 1155 423 ⁴1⁰

140 451 185 509 his
207 447 335 510 tumulus
356 466 445 526 super
466 451 617 510 inseritur.
644 457 706 509 tum
728 448 826 508 fronte
848 446 961 508 locatur

140 531 281 610 elogium,
306 534 390 592 tacita
413 533 521 592 format
542 532 620 611 quod
637 530 733 593 littera
750 551 833 593 voce:

140 621 248 694 ‘parve
271 616 369 687 culex,
392 616 538 695 pecudum
561 623 659 676 custos
680 615 734 675 tihi
757 616 814 676 tale
835 614 964 674 merenti

139 700 251 760 funeris
274 699 400 760 officium
423 701 498 760 vitae
519 717 574 778 pro
596 715 720 759 munere
741 698 859 758 reddit’

537 956 743 1040 clitis.

181 1116 243 1176 Etsi
265 1135 312 1176 me
335 1118 414 1175 vario
438 1118 577 1177 iactatum
601 1117 696 1177 laudis
719 1134 819 1176 amore

139 1200 286 1278 invitaque
309 1207 462 1277 expertum
486 1198 597 1259 fallacis
618 1201 750 1278 praemia
770 1198 850 1276 volgi

140 1284 300 1362 Cecropius
322 1300 425 1344 suaves
448 1284 586 1361 expirans
607 1282 742 1343 hortulus
764 1300 849 1343 auras

139 1366 273 1427 llorentis
294 1366 380 1426 viridi
402 1366 522 1444 sophiae
545 1366 749 1446 complectitur
770 1365 885 1435 umbra,

140 1453 256 1529 iamque
278 1469 342 1511 mea
366 1453 479 1511 ratione
499 1452 681 1529 indignumst
702 1467 844 1529 quaerere
867 1464 995 1519 carmen,
1137 1456 1155 1507 5

140 1534 227 1612 longo
248 1534 327 1595 aliud
349 1535 476 1595 studium
499 1543 585 1615 atque
607 1534 679 1596 alios
700 1552 774 1614 quae
796 1533 928 1593 accincta
948 1529 1067 1592 labores

140 1618 225 1679 altius
248 1618 284 1677 ad
306 1620 405 1696 magni
427 1618 577 1679 subtendit
598 1620 694 1679 sidera
716 1618 819 1678 mundi

141 1710 170 1761 et
191 1701 329 1780 placitum
353 1703 454 1780 paucis
476 1722 545 1764 ausa
568 1710 612 1763 est
634 1701 792 1762 ascendere
815 1699 933 1760 collem:

140 1792 320 1844 nontamen
343 1785 480 1845 absistam
504 1794 638 1865 coeptum
662 1786 799 1846 detexere
821 1801 935 1853 munus,

140 1870 169 1926 ln
193 1887 250 1946 quo
272 1870 336 1927 iure
358 1886 438 1927 meos
460 1871 570 1930 utinam
592 1872 778 1948 requiescere
800 1885 898 1928 musas
1121 1872 1157 1927 to

143 1959 172 2010 et
194 1949 297 2010 leviter
318 1949 458 2010 blandum
481 1951 568 2012 liceat
590 1952 738 2030 deponere
759 1969 882 2011 morem.

140 2033 218 2112 quod
241 2036 265 2092 si
287 2034 442 2093 mirificum
465 2034 568 2094 saeclis
591 2035 727 2114 prolerre
749 2034 885 2104 valerem,

140 2117 295 2178 mirificum
319 2117 422 2177 mundi
443 2135 536 2195 genus
558 2137 645 2178 omne
668 2118 696 2197 (o
717 2116 793 2178 hella
815 2116 941 2195 lihidoh,

141 2202 165 2261 si
187 2219 234 2260 me
256 2203 313 2261 iam
336 2218 449 2260 summa
471 2202 619 2279 Sapientia
640 2209 782 2280 pangeret
804 2219 881 2272 arce,

140 2292 278 2363 quattuor
301 2285 428 2363 antiquis
449 2303 523 2363 quae
546 2285 705 2346 heredibus
727 2295 771 2348 est
793 2285 859 2347 data
882 2301 1012 2355 consors,
1123 2292 1157 2346 to

141 2368 219 2428 unde
241 2369 392 2429 hominum
415 2386 532 2429 errores
554 2368 641 2448 longe
663 2369 779 2449 lateque
799 2387 853 2448 per
875 2367 978 2428 orbem

142 2452 293 2531 despicere
316 2460 402 2530 atque
424 2453 549 2513 humiles
570 2472 687 2532 possem
710 2462 899 2515 contemnere
921 2468 1021 2512 curas:

141 2554 201 2596 non
224 2553 278 2613 ego
301 2535 437 2596 totalem
461 2555 618 2598 venerarer
640 2556 763 2598 munere
784 2536 844 2608 tali,

141 2637 200 2679 non
223 2620 357 2698 equidem
380 2622 520 2697 (quamvis
541 2621 689 2682 interdum
711 2621 813 2682 ludere
835 2619 919 2680 nohis

142 2710 170 2762 et
192 2702 331 2781 gracilem
354 2702 435 2763 molli
457 2704 543 2765 liceat
563 2705 638 2783 pede
661 2704 797 2766 claudere
818 2705 955 2777 vorsum),
1120 2712 1157 2767 w

141 2787 193 2846 sed
215 2803 322 2863 magno
344 2787 494 2858 intexens,
517 2790 543 2847 si
565 2789 610 2848 las
631 2797 674 2849 est
697 2790 809 2859 dicere,
832 2785 927 2866 peplo.

141 2867 233 2948 qualis
255 2869 427 2932 Erechtheis
450 2871 518 2932 olim
540 2880 674 2950 portatur
695 2873 824 2933 Athenis.

141 2950 238 3010 dehita
261 2969 326 3010 cum
351 2960 447 3013 castae
468 2952 620 3014 solvuntur
641 2962 705 3015 vota
728 2957 874 3016 Minervae

140 3033 281 3111 tardaque
304 3033 438 3094 coniecto
460 3036 586 3095 redeunt
607 3039 805 3116 quinquennia
828 3037 929 3107 lustro,

141 3135 206 3176 cum
230 3116 299 3175 levis
321 3115 434 3177 alterno
456 3119 600 3197 zephyrus
623 3120 810 3181 concrebruit
831 3139 902 3181 euro
1119 3130 1171 3185 π·

141 3209 170 3260 et
192 3219 285 3279 prono
308 3201 458 3277 gravidum
481 3204 614 3280 provexit
635 3204 766 3283 pondere
789 3223 917 3266 currum.

141 3283 211 3342 felix
232 3283 282 3343 illa
304 3283 366 3343 dies
388 3285 457 3345 ielis
480 3294 508 3346 et
531 3286 637 3347 dicitur
659 3305 760 3358 annus,

141 3365 241 3425 leheos
264 3368 313 3444 qui
334 3367 423 3429 talem
446 3388 554 3430 annum
579 3371 677 3431 videre
700 3371 849 3452 diemque:

141 3466 212 3519 ergo
234 3447 379 3510 Palladiae
401 3460 540 3514 texuntur
561 3455 590 3511 in
614 3454 716 3515 ordine
738 3474 852 3534 pugnae
