2400 3878
107 205 169 266 252
427 215 571 264 vnnomr
586 217 710 264 sunnis
729 216 792 263 v111

107 391 187 452 gens,
210 370 287 432 hello
308 370 470 452 praeclara,
492 373 567 449 iugis
588 371 693 452 insedit
713 371 852 432 Etruscis.
1058 376 1113 430 400

107 456 183 516 hanc
202 454 308 516 multos
328 455 482 516 florentem
504 471 595 515 annos
617 472 668 514 rex
690 454 795 515 deinde
818 451 946 532 superbo

107 538 229 617 imperio
252 547 281 599 ot
301 540 392 601 saevis
412 540 504 599 tenuit
523 537 681 598 Mezentius
702 539 800 598 armis.
916 538 920 543 '

107 622 176 701 quid
194 639 357 683 memorem
377 620 510 682 infandas
532 620 644 689 caedes,
668 620 737 700 quid
759 621 833 681 facta
854 621 969 698 tyranni

108 706 214 766 efferat
231 706 261 766 dl
281 706 368 782 caplti
389 706 479 784 ipsius
500 705 658 782 generique
675 705 840 765 reservent!

107 797 222 850 mortua
241 789 312 869 quin
334 789 421 850 etiam
442 786 580 866 iungebat
601 805 726 866 corpora
746 787 817 848 rivis
1059 792 1112 844 ⁴86

106 889 286 951 componens
308 871 500 948 mandrusque
520 889 623 931 manus
645 880 731 950 atque
752 871 853 933 oribus
876 889 936 940 ora,

105 957 243 1016 tormenti
261 974 362 1033 genus,
384 965 413 1016 et
432 955 512 1016 sanie
533 954 660 1033 taboque
680 954 796 1016 fluentis

107 1037 261 1116 complexu
282 1042 312 1100 iu
333 1039 441 1100 misero
463 1037 549 1116 longa
571 1039 613 1099 sic
635 1046 730 1098 morte
752 1038 886 1099 necabat.

107 1128 136 1181 at
154 1121 223 1181 fessi
244 1122 362 1182 tandem
385 1125 461 1183 cives
480 1122 598 1182 infanda
620 1123 765 1182 furentem

106 1207 211 1265 mmatl
231 1207 448 1266 circumsistunt
468 1207 623 1284 ipsumque
644 1205 830 1283 domumque,
1058 1207 1112 1260 ⁴9⁰

106 1287 283 1349 obtrumcant
304 1290 408 1358 socios,
429 1291 526 1365 ignem
544 1289 580 1349 ad
597 1289 710 1366 fastigia
731 1291 846 1352 iactant.

106 1368 154 1431 ille
177 1373 253 1433 inter
275 1372 394 1433 caedem
411 1373 586 1433 Rutulorum
607 1372 722 1451 elapsus
743 1374 772 1432 in
792 1388 877 1449 agros

107 1455 268 1533 confugere
290 1464 319 1516 et
340 1456 432 1517 Turni
449 1456 599 1519 defendier
620 1456 743 1535 hospitis
764 1457 862 1516 armis.

107 1555 178 1615 ergo
200 1542 295 1600 omnis
316 1541 398 1601 furiis
418 1541 544 1603 surrexit
564 1540 680 1600 Etruria
701 1541 801 1601 iustis:

106 1637 206 1698 regem
228 1625 265 1684 ad
287 1623 462 1703 supphcium
483 1626 630 1704 praesenti
650 1624 743 1684 Marte
761 1632 928 1700 reposcunt.
1058 1627 1111 1680 49⁸

106 1703 152 1765 hls
175 1715 287 1784 egeto,
308 1707 414 1778 Aenea,
433 1708 585 1769 ductorem
605 1708 721 1768 milibus
739 1706 853 1767 addam.

105 1795 167 1847 toto
189 1806 315 1870 namque
337 1791 466 1851 fremunt
489 1792 654 1852 condensae
672 1790 757 1850 litore
777 1807 892 1868 puppes

106 1871 246 1950 signaque
268 1873 347 1933 ferre
367 1872 482 1942 iuhent;
504 1874 611 1934 retinet
630 1873 788 1951 longaevos
807 1873 954 1950 haruspex

105 1954 163 2013 fata
185 1972 292 2016 canens
314 1964 358 2015 “o
373 1955 520 2021 Maeoniae
542 1956 654 2018 delecta
674 1957 815 2026 iuventus,

105 2034 161 2097 llos
182 2046 313 2100 verenam
336 2039 485 2116 virtusque
505 2042 610 2111 virum,
634 2057 706 2117 quos
728 2041 821 2101 iustus
842 2040 873 2099 in
895 2039 1009 2100 hostem
1058 2045 1112 2098 5⁰⁰

105 2119 163 2180 fert
181 2120 264 2182 dolor
284 2130 313 2182 et
333 2123 436 2183 merita
459 2123 591 2184 accendit
610 2124 768 2186 Mezentius
788 2123 841 2193 ira,

106 2202 178 2264 nulli
200 2205 243 2265 fas
262 2204 333 2266 ltalo
354 2215 465 2266 mutam
485 2207 663 2286 subiungere
683 2215 817 2284 gentem:

106 2293 243 2349 externos
263 2296 361 2369 optate
380 2288 507 2351 duces”:
529 2302 591 2352 tum
612 2290 734 2352 Etrusca
755 2290 863 2352 resedit

104 2370 161 2432 hoc
183 2372 260 2433 acies
280 2391 393 2452 campo,
416 2376 533 2436 monitis
555 2376 693 2436 exterrita
713 2375 819 2435 divom.

104 2455 167 2534 ipse
189 2465 321 2518 oratores
342 2457 379 2518 ad
402 2477 449 2520 me
470 2460 613 2539 regnique
631 2477 771 2520 coronam
1059 2461 1112 2512 ⁶0⁶

104 2556 173 2600 cum
193 2549 309 2620 sceptro
331 2542 409 2603 misit
430 2542 607 2622 mandatque
631 2544 755 2622 insignia
775 2542 922 2612 Tarchon,

104 2624 261 2685 succedam
282 2627 384 2687 castris
405 2625 616 2706 Tyrrhenaque
637 2645 728 2705 regna
746 2645 904 2707 capessam.
954 2645 957 2650 ·

104 2707 156 2768 sed
174 2708 245 2768 mlhi
262 2709 345 2769 tarda
366 2707 433 2786 gelu
456 2711 617 2788 saeclisque
640 2712 724 2772 effeta
744 2722 879 2771 senectus

103 2790 212 2851 invidet
231 2792 386 2870 imperium
414 2810 557 2873 seraeque
577 2794 614 2853 ad
637 2795 723 2853 fortia
741 2794 826 2854 vires.

103 2882 223 2950 gnatum
243 2874 424 2944 exhortarer,
447 2877 479 2934 nl
496 2877 603 2935 mixtus
626 2885 719 2934 matre
741 2874 855 2934 Sabella
1058 2879 1111 2930 ⁶10

103 2955 172 3017 hinc
192 2963 305 3032 partem
324 2958 436 3033 patriae
455 2958 594 3017 traheret.
629 2967 669 3026 tu,
690 2957 772 3023 cuius
794 2968 823 3016 et
842 2957 926 3015 annis

105 3046 134 3099 et
153 3041 255 3116 generi
276 3039 333 3098 fata
353 3038 513 3115 indulgent,
535 3057 623 3117 quem
644 3039 764 3099 numina
784 3049 917 3115 poscunt,

104 3120 268 3200 ingredere,
291 3140 309 3182 o
328 3122 475 3184 Teucrum
497 3133 585 3202 atque
605 3122 709 3182 ltalum
732 3121 890 3182 fortissime
909 3121 1023 3181 ductor.

104 3205 184 3266 hunc
203 3204 255 3266 tibi
276 3217 437 3284 praeterea,
460 3224 527 3286 spes
550 3216 578 3267 et
599 3206 706 3267 solacia
728 3206 830 3275 nostri,

103 3287 232 3350 Pallanta
252 3290 421 3368 adiungam;
441 3289 496 3352 suh
518 3299 548 3352 te
567 3290 694 3351 tolerare
716 3290 854 3368 magistro
1057 3295 1111 3357 515

103 3371 234 3433 militiam
254 3384 284 3435 et
304 3391 392 3453 grave
414 3374 513 3435 Martis
536 3393 619 3455 opus,
642 3384 691 3434 tua
714 3392 837 3435 cernere
857 3374 932 3434 lacta

104 3455 255 3519 adsuescat
276 3459 380 3536 primis
401 3466 430 3520 et
450 3465 481 3520 te
501 3459 624 3520 miretur
645 3458 681 3519 eh
702 3459 794 3520 annis.
