2400 3878
286 723 329 799 Ρ.
351 720 569 801 veneni
596 723 827 802 MARONIS

213 894 258 989 h
308 897 351 991 Ε
403 896 449 992 Ν
500 897 543 991 Ε
594 897 621 991 Ι
671 898 718 993 D
773 897 817 994 Ο
872 898 904 995 S

394 1068 510 1127 hinnit
537 1067 725 1137 QVARTVS

488 1269 620 1278 —--—

96 1402 133 1458 ht
153 1398 254 1474 regina
277 1398 357 1474 gravi
378 1396 537 1457 iandudum
556 1399 653 1457 saucia
675 1415 744 1458 cura

57 1480 157 1542 volnus
178 1479 230 1540 alit
250 1480 348 1547 venis,
370 1485 398 1538 et
421 1496 508 1540 caeco
529 1480 658 1557 carpitur
676 1481 744 1557 igni.

54 1564 144 1624 muita
165 1563 219 1623 viri
238 1563 329 1623 virtus
351 1562 447 1622 animo
467 1561 634 1640 multusque
651 1571 784 1624 recursat

54 1648 148 1725 gentis
168 1645 277 1714 honos,
300 1646 422 1707 haerent
437 1645 517 1706 infixi
538 1651 658 1724 pectore
680 1645 774 1707 voltus

54 1730 214 1809 verbaque,
235 1747 291 1790 nec
314 1728 458 1807 placidam
483 1727 624 1791 memhris
645 1729 694 1790 dat
712 1746 782 1790 cura
802 1730 937 1808 quietem.

53 1821 170 1893 postera
191 1811 328 1874 Phoebea
349 1812 493 1874 lustrabat
514 1812 648 1892 lampade
668 1820 764 1875 terras

55 1906 260 1976 umentemque
281 1896 395 1957 Aurora
413 1895 481 1976 polo
503 1897 664 1958 dimoverat
684 1896 835 1967 umbram,

54 1999 121 2042 cnm
143 1982 184 2041 sic
204 1981 371 2041 unanimam
392 1978 558 2059 adloquitur
578 1979 742 2041 malesana
763 1998 912 2042 sororem:

55 2066 152 2125 ‘Anna
175 2082 275 2134 soror,
299 2082 374 2143 quae
395 2083 442 2125 me
462 2081 633 2143 suspensam
653 2065 797 2124 insomnia
819 2066 944 2126 terrent!

55 2150 119 2227 quis
141 2165 232 2209 novos
251 2148 300 2208 hic
317 2149 425 2208 nostris
446 2149 587 2209 successit
607 2147 726 2209 sedibus
747 2148 868 2226 hospes,

54 2249 141 2311 quem
163 2249 228 2293 sese
248 2249 300 2293 ore
321 2232 434 2301 ferens,
457 2250 544 2311 quam
568 2231 636 2293 forti
656 2238 776 2310 pectore
799 2239 827 2293 et
847 2231 950 2292 armis!

56 2314 144 2375 credo
166 2314 315 2393 equidem,
337 2332 393 2376 nec
414 2333 487 2376 vana
507 2316 593 2386 tides,
617 2333 711 2393 genus
733 2333 797 2376 esse
816 2315 948 2375 deorum.

55 2397 215 2475 degeneres
236 2399 348 2458 animos
369 2399 457 2458 timor
477 2400 582 2476 arguit.
626 2398 683 2458 heu
705 2397 811 2476 quihus
831 2397 878 2458 ille

56 2482 176 2540 iactatus
197 2480 263 2539 fatis
284 2496 359 2557 quae
380 2478 457 2539 bella
478 2481 616 2541 exhausta
635 2479 772 2540 canebat!

55 2564 80 2623 si
100 2563 172 2623 mihi
193 2579 253 2622 non
274 2563 370 2622 animo
393 2563 482 2623 mum
504 2563 715 2640 immotumque
737 2564 866 2633 sederet,

54 2647 141 2707 necui
160 2664 208 2707 me
227 2644 322 2706 vinclo
344 2643 448 2706 vellem
469 2647 582 2707 sociare
603 2645 704 2724 iugah,

54 2738 208 2809 postquam
229 2730 341 2808 primus
362 2747 446 2791 amor
467 2730 619 2808 deceptam
640 2738 735 2790 morte
755 2729 868 2800 fefellit:

54 2815 79 2874 si
99 2831 159 2874 non
182 2822 348 2892 pertaesum
369 2812 488 2875 thalami
506 2814 665 2892 taedaeque
685 2813 800 2884 fuisset,

54 2898 123 2958 huic
143 2900 195 2960 uni
213 2899 312 2959 forsan
335 2899 417 2976 potui
438 2897 631 2960 succumbere
654 2897 766 2977 cuipae.

55 2983 152 3051 Anna,
175 2982 289 3044 iatehor
311 2984 403 3052 enim,
426 2983 525 3044 miseri
541 2990 607 3060 post
628 2981 685 3042 iata
708 2982 831 3061 Sychaei

37 3065 187 3143 coniugis
208 3073 236 3127 et
256 3083 374 3144 sparsos
394 3065 522 3127 fraterna
544 3066 633 3127 caede
655 3071 790 3143 penates,

56 3147 135 3210 solus
155 3149 203 3209 hic
221 3149 332 3211 inflexit
351 3167 456 3210 sensus
476 3151 663 3228 animumque
683 3148 830 3210 lahantem

55 3231 176 3308 impuht.
221 3233 368 3311 adgnosco
389 3235 495 3295 veteris
516 3234 632 3311 vestigia
655 3233 799 3292 flammae.

55 3314 107 3376 sed
121 3314 192 3376 mihi
212 3314 258 3377 vel
279 3316 363 3378 tellus
385 3322 484 3395 optem
504 3317 586 3395 prius
607 3317 665 3375 ima
684 3315 813 3376 dehiscat

57 3399 100 3459 rel
118 3405 203 3476 pater
224 3399 407 3477 omnipotens
429 3399 527 3476 abiget
547 3418 595 3460 me
613 3397 733 3460 fulmine
755 3399 791 3459 ad
809 3398 945 3460 umbras.

1051 1745 1068 1796 5
