2400 3878
396 219 540 266 vnaornr
560 220 685 268 aunam
709 223 760 266 xxx
891 259 893 266 ,
1014 206 1078 268 353

67 393 125 436 neu
144 375 237 434 Troas
258 373 322 432 fieri
347 371 448 432 iubeas
469 372 657 452 Teucrosque
678 378 777 434 vocari

67 464 116 519 aut
136 476 236 517 vocem
259 463 375 516 mutare
397 457 544 516 virosam
567 463 682 516 vertere
701 463 820 518 vastem.
1025 465 1078 516 aab

66 542 104 601 sit
121 541 246 610 Latium,
267 541 325 598 sint
343 537 448 610 Albani
468 556 521 616 per
542 539 657 601 saecula
675 555 771 616 reges,
791 610 793 614 Α

65 625 103 682 sit
120 624 376 700 Romanaffpptens
396 621 466 703 Itala
489 624 594 684 virtute
616 640 761 700 propago:

67 706 182 776 occidit,
206 705 405 783 occideritque
427 707 504 765 sinas
527 724 593 766 cum
615 707 734 766 nomine
755 705 864 767 Troia!

65 788 115 849 olli
136 788 291 850 subridens
314 789 466 849 bominum
487 806 648 867 rerumque
669 797 805 868 repertor

66 884 114 932 ‘es
137 889 276 950 germana
296 871 371 933 loris
396 872 571 950 Saturnique
589 873 679 933 altera
701 872 814 951 proles:

65 957 177 1016 irarum
199 963 295 1015 tantos
317 955 406 1016 volvis
424 955 478 1016 sub
499 965 620 1035 pectore
642 957 756 1017 fluctus.
854 984 868 1006 x

39 1050 41 1054 ’
65 1057 166 1099 verum
189 1057 243 1116 age
265 1048 293 1100 et
314 1040 463 1118 inceptum
485 1040 593 1099 frustra
617 1041 765 1103 summitte
789 1040 921 1100 furorem

64 1123 95 1181 ni
115 1129 144 1182 te
164 1130 261 1184 tantus
285 1123 344 1184 edit
365 1125 483 1184 tacitam
502 1123 586 1184 dolor
609 1124 724 1186 etmihi
747 1141 836 1188 curae

63 1223 152 1284 saepe
173 1213 223 1266 tuo
247 1205 325 1267 dulci
347 1208 446 1268 tristes
465 1226 501 1267 ex
521 1226 573 1268 ora
590 1216 752 1285 recursant,

64 1289 102 1349 do
124 1290 273 1368 quodvis,
298 1296 326 1350 et
348 1309 396 1350 me
417 1293 569 1369 victusque
587 1291 746 1370 volensque
766 1295 893 1371 remitto.

63 1389 230 1433 sermonem
251 1374 372 1445 Ausonii
392 1376 519 1450 patrium
542 1393 699 1452 moresque
716 1374 867 1443 tenebunt,

63 1462 154 1533 utque
177 1464 221 1516 est
242 1475 351 1516 nomen
371 1458 439 1524 erit;
464 1459 611 1517 commixti
633 1474 759 1536 corpore
777 1465 888 1517 tantum

62 1538 214 1600 subsident
236 1540 351 1601 Teucri.
386 1557 498 1599 morem
521 1541 654 1617 ritusque
672 1557 824 1601 sacrorum

63 1623 185 1682 adiciam
208 1623 371 1699 faciamque
395 1625 489 1681 omnis
510 1641 568 1681 uno
592 1640 643 1682 ore
664 1622 790 1683 Latinos.

62 1706 131 1766 binc
151 1724 245 1782 genus
265 1701 393 1766 Ausonio
415 1706 537 1766 mixtum
556 1706 634 1784 quod
655 1708 797 1782 sanguine
818 1718 928 1785 surget,

61 1806 150 1866 supra
172 1791 314 1857 homines
337 1805 427 1864 supra
449 1789 493 1848 ire
515 1788 586 1849 deos
607 1789 714 1869 pietate
734 1789 856 1859 videbis,

61 1889 117 1931 nec
140 1890 211 1950 gens
233 1870 290 1930 ulla
309 1878 375 1931 tuos
397 1889 490 1949 aeque
514 1871 674 1934 celebrabit
696 1871 845 1934 bonores'

62 1954 163 2015 adnuit
182 1955 227 2015 his
247 1954 320 2014 Iuno
343 1963 372 2016 et
390 1964 520 2016 mentem
541 1956 645 2017 laetata
666 1959 795 2017 retorsit.

61 2040 172 2099 interea
193 2039 306 2099 excedit
323 2037 405 2099 caelo
422 2039 591 2118 nubemque
609 2040 758 2118 relinquit.

103 2123 153 2182 llis
172 2123 243 2183 actis
263 2123 340 2184 aliud
362 2125 477 2202 genitor
496 2143 597 2201 secum
619 2126 682 2202 ipse
700 2123 811 2185 volutat

61 2206 270 2286 Iuturnamque
292 2215 375 2284 parat
397 2208 495 2267 fratris
517 2208 663 2269 dimittere
681 2206 717 2268 ab
740 2209 838 2269 armis.

61 2289 198 2349 dicuntur
218 2292 350 2367 geminae
369 2298 467 2367 pestes
489 2292 663 2367 cognomine
685 2291 780 2360 Dirae,

61 2389 134 2450 quas
157 2379 184 2431 et
207 2373 378 2433 Tartaream
400 2372 464 2431 Nox
486 2374 660 2450 intempesta
682 2373 846 2449 Megaeram

61 2472 119 2514 uno
143 2454 304 2532 eodemque
327 2453 392 2514 tulit
410 2463 496 2533 partu
518 2456 698 2530 paribusque
721 2455 845 2513 revinxit

60 2544 229 2614 serpentum
251 2537 337 2613 spiris
359 2543 551 2613 ventosasque
572 2535 682 2596 addidit
700 2534 772 2594 alas.

60 2622 115 2679 bae
137 2621 211 2678 lovis
230 2619 266 2679 ad
287 2617 393 2678 solium
412 2619 548 2695 saevique
572 2621 601 2679 in
620 2617 720 2677 limine
742 2619 820 2694 regis

60 2709 203 2780 apparent
224 2710 390 2777 acuuntque
412 2707 521 2760 metum
543 2699 714 2760 mortalibus
736 2701 840 2776 aegris,

60 2785 203 2863 siquando
225 2783 315 2844 letum
337 2783 508 2843 horrificum
530 2782 710 2861 morbosque
730 2783 817 2843 deum
840 2800 893 2843 rex

61 2867 179 2928 molitur
201 2869 320 2927 meritas
345 2873 394 2926 aut
416 2865 493 2927 bello
516 2868 630 2927 territat
649 2865 748 2926 urbes.

61 2953 166 3012 barum
185 2969 274 3011 unam
297 2951 423 3010 celerem
446 2950 562 3010 demisit
583 2949 619 3010 ab
643 2950 761 3010 aethere
782 2966 897 3013 summo

59 3036 190 3114 Iuppiter
212 3038 301 3112 inque
325 3052 411 3094 omen
435 3034 573 3094 Iuturnae
595 3051 751 3094 occurrere
771 3039 865 3097 iussit.

60 3118 108 3179 illa
130 3118 206 3178 volat
230 3118 375 3196 celerique
396 3116 431 3177 ad
454 3126 563 3178 terram
582 3117 699 3188 turbine
720 3119 824 3177 fertur.
1024 3133 1075 3186 855
1162 3135 1164 3139 ’

61 3221 120 3262 non
143 3219 228 3262 secus
250 3221 285 3261 ac
307 3219 397 3261 nervo
419 3219 473 3279 per
495 3200 603 3261 nubem
623 3196 739 3272 inpulsa
762 3201 873 3275 sagitta.

62 3296 202 3346 armatam
227 3287 305 3345 saevi
326 3284 452 3344 Parthus
475 3300 561 3359 quam
581 3279 648 3342 selle
666 3284 779 3346 veneni,

60 3369 185 3431 Parthus
207 3372 267 3428 sive
289 3367 396 3444 Cydon,
418 3366 508 3426 telum
530 3364 742 3433 inmedicabile,
765 3366 856 3433 torsit,

61 3452 186 3512 stridens
209 3458 237 3511 et
258 3449 361 3509 celeris
381 3450 524 3526 incognita
548 3447 672 3507 transilit
693 3447 827 3507 umbras:

126 3555 257 3596 arpason,
276 3551 389 3585 oraora..
820 3545 860 3602 23
