2400 3878
144 204 201 264 tto
478 212 620 260 veremur
643 210 768 259 annam
791 212 817 258 n

140 369 234 430 fundit
257 387 341 435 ecus.
364 368 514 444 victorque
537 366 626 425 Sinon
646 366 779 426 incendia
801 367 903 427 miscet

139 452 290 512 insultans.
335 452 428 529 portis
450 448 497 510 alii
517 449 716 526 bipatentibus
739 451 858 518 adsunt,

139 535 217 596 milia
241 544 312 614 quot
332 535 446 612 maguis
469 551 609 611 umquam
633 551 740 594 venere
761 532 904 612 blycenisa

140 619 283 734 obsedere
306 618 352 679 alii
373 617 437 678 telis
460 628 583 694 angusta
605 618 716 677 riarum

140 789 254 849 stricta.
272 750 374 864 parata
394 786 473 855 neci;
502 804 547 844 vu
568 786 656 862 primi
677 784 789 862 proelia
810 794 953 864 temptant

140 864 292 948 po‘r'tarum
315 864 468 946 vigiles't
438 887 576 930 ecaeco
599 870 693 929 blarte
715 872 864 930 resistunt

141 953 247 1014 talibus
270 954 434 1032 Othryadae
457 953 540 1013 dictis
562 962 596 1013 et
611 954 730 1012 numine
754 953 849 1013 divom

141 1038 169 1100 in
193 1038 324 1097 llammas
349 1044 376 1097 et
399 1039 428 1097 in
451 1054 532 1097 arma
558 1038 653 1105 seror,
678 1054 735 1114 quo
757 1038 846 1096 tristis
865 1035 986 1115 Erinys,

141 1140 198 1199 quo
220 1121 353 1183 fremitus
375 1129 459 1181 vocat
483 1131 512 1182 et
534 1120 665 1180 sublatus
687 1120 723 1180 ad
746 1121 864 1181 aethera
886 1121 1006 1182 clamor.

140 1206 250 1265 addunt
273 1224 304 1265 se
324 1206 419 1265 socios
442 1205 572 1283 liipheus
595 1214 623 1263 et
643 1205 785 1264 maximus
808 1206 897 1266 armis

142 1288 250 1368 Epytus
273 1288 362 1349 oblati
384 1295 437 1366 p'er
455 1288 555 1349 lunam
572 1289 759 1366 Hypanisque
779 1289 953 1368 Dymasque,

142 1380 170 1433 et
190 1373 274 1434 lateri
296 1371 497 1451 adglomerant
519 1380 636 1441 nostro,
660 1373 830 1450 iuvenisque
853 1372 1003 1435 Coroebus

142 1456 348 1555 Mygdonides:
371 1455 426 1516 illis
450 1456 485 1516 ad
506 1457 624 1515 Troiam
647 1456 724 1517 lorte
746 1456 849 1516 diebus

141 1549 259 1602 venerat
281 1543 383 1601 insano
406 1540 616 1601 Cassandrae
609 1558 745 1601 incensus
768 1559 884 1610 amore,

140 1632 169 1684 et
187 1642 307 1766 qpner
298 1624 437 1684 auxilium
457 1625 574 1684 Priamo
593 1623 817 1702 Phrygibusque
839 1623 967 1691 serebat.

140 1707 198 1767 inse
220 1726 237 1766 1
258 1711 308 1786 qui
327 1726 386 1766 non
406 1726 531 1786 sponsae
552 1716 707 1785 praecepta
732 1709 854 1769 furentis

96 1806 112 1879 y
140 1791 273 1850 audierit.

142 1892 215 1952 quos
234 1874 286 1935 ubi
308 1893 364 1934 con
367 1874 458 1935 sertos
481 1875 619 1935 audere
611 1892 641 1932 m
664 1875 774 1952 proelia
797 1875 868 1945 vidi,

140 1959 247 2035 incipio
271 1957 442 2037 superbis:
466 1959 616 2028 ‘iuvenes
641 1959 798 2018 fortissima
821 1959 930 2020 lrustra

139 2049 273 2119 pectora,
297 2044 320 2101 si
345 2041 427 2102 vobis
449 2042 604 2103 audentem
628 2050 759 2102 extrema
780 2042 886 2121 cupido

140 2133 220 2185 certa
241 2127 339 2205 sequi,
364 2144 440 2203 quae
462 2128 498 2186 sit
520 2126 610 2187 rebus
630 2126 747 2186 lortuna
770 2126 882 2187 ridetis.

140 2227 295 2270 excessere
316 2227 418 2271 omnes
441 2211 534 2289 adytis
557 2211 673 2289 arisque
694 2209 804 2270 relictis

140 2292 183 2363 di,
205 2293 312 2370 quibus
333 2296 491 2371 imperium
512 2296 569 2355 hoc
591 2302 724 2363 steteram
747 2296 919 2355 succurritis
942 2293 1009 2356 urbi

139 2377 291 2439 incensae:
315 2380 493 2448 moriamur,
516 2381 596 2439 etin
619 2378 714 2438 media
737 2395 818 2438 arma
840 2396 970 2441 ruamus.

139 2479 197 2522 una
218 2461 296 2523 salus
319 2464 400 2523 victis
423 2461 532 2523 nullam
555 2481 675 2541 sperare
698 2460 846 2523 salutem’

140 2547 182 2607 sic
205 2548 309 2607 animis
330 2549 467 2609 iuvenum
491 2547 574 2608 luror
597 2548 718 2608 additus.
764 2547 833 2607 inde
853 2545 915 2623 lupi
935 2563 989 2606 ceu

140 2638 275 2709 raptores
297 2640 360 2692 atra
381 2633 412 2692 in
435 2630 557 2701 nebula,
581 2650 654 2709 quos
677 2630 801 2709 inproba
822 2630 933 2690 ventris

141 2716 236 2792 exegit
256 2733 359 2775 caecos
382 2715 495 2783 rabies,
518 2715 665 2793 catulique
688 2715 783 2776 relicti

140 2796 275 2857 faucibus
299 2805 455 2876 expectant
476 2800 575 2866 siccis,
600 2817 654 2873 per
674 2798 747 2867 tela,
771 2816 825 2874 per
848 2798 940 2857 hostis

139 2879 270 2939 vadimus
291 2880 370 2940 haud
392 2879 512 2939 dubiam
533 2882 563 2938 in
587 2888 725 2949 mortem,
747 2881 920 2961 mediaeque
941 2889 1078 2943 tenemus

139 2961 222 3022 urbis
243 2964 313 3031 iter;
343 2980 402 3021 nox
422 2970 484 3021 atra
509 2980 577 3021 cava
601 2964 789 3023 circumvolat
811 2965 925 3026 umbra.
1114 2976 1172 3035 360

140 3047 203 3124 quis
223 3044 337 3106 cladem
357 3044 434 3106 illius
456 3047 564 3113 noetiS,
590 3047 653 3122 quis
678 3047 781 3108 lunera
801 3050 889 3110 lando

140 3128 265 3206 explicet
287 3138 336 3190 aut
359 3131 451 3207 possit
471 3127 598 3189 lacrimis
620 3147 747 3207 aequare
768 3132 902 3195 labores?

138 3212 210 3273 urbs
231 3215 349 3292 antiqua
368 3215 427 3274 ruit
448 3212 554 3274 multos
573 3213 720 3274 dominata
741 3234 796 3294 per
818 3233 924 3285 armos;

138 3296 263 3374 plurima
286 3315 398 3376 perque
420 3299 479 3359 rias
502 3305 673 3357 sternuntur
692 3301 797 3362 inertia
818 3304 927 3379 passim

140 3398 264 3460 corpora
286 3399 398 3461 perque
425 3383 529 3443 domos
551 3389 578 3441 et
597 3380 733 3458 religiosa
755 3384 880 3446 deorum
1115 3398 1167 3457 aa

139 3465 247 3528 limina.
293 3482 348 3527 nec
371 3465 424 3527 soli
446 3481 556 3547 poenas
578 3463 647 3525 dant
669 3471 810 3544 sanguine
832 3469 955 3532 Teucri:
