2400 3878
144 164 205 228 286
479 178 625 227 vanuum
639 177 765 225 tauers
784 179 806 224 x

145 343 173 393 et
192 332 309 407 linguae
335 331 487 394 volucrum
507 340 536 394 et
560 334 693 411 praesagi
715 332 843 393 fulminis
865 333 958 408 ignes,

145 415 224 475 mille
239 418 316 494 rapit
338 417 444 477 densos
465 420 526 478 acie
548 427 635 496 atque
657 416 846 476 horrentibus
865 417 963 477 hastis.

144 503 198 559 bos
217 516 324 576 parere
346 501 447 562 iubent
468 501 596 579 Alpheae
620 503 732 576 origine
755 501 848 570 Pisae,

143 582 215 643 urbs
238 583 359 644 Etrusca
383 585 454 645 solo.
488 588 619 661 sequitur
640 584 857 662 pulcherrimus
878 585 974 650 Astur,

143 667 232 727 Astur
255 686 331 746 equo
354 670 447 729 lidens
470 678 498 729 et
521 668 746 729 versicoloribus
768 669 866 727 armis.

145 759 308 812 tercentum
331 753 459 813 adiciunt
482 755 575 829 (mens
597 752 733 812 omnibus
752 770 809 812 una
829 750 980 830 sequendi)

144 836 193 911 qui
217 835 338 897 Caerete
360 837 458 906 domo,
481 840 530 913 qui
550 847 617 896 sunt
636 836 769 895 Minionis
791 838 820 894 in
844 837 927 902 arvis,

145 928 173 979 et
195 920 281 998 Pyrgi
304 929 418 980 veteres
436 922 685 998 intempestaeque
708 914 871 979 Graviscae.

186 1003 251 1063 Non
270 1020 324 1079 ego
344 1013 382 1073 te,
407 1004 546 1081 Ligurum
569 1005 673 1063 ductor
696 1004 851 1063 fortissime
873 1001 960 1071 bello,

145 1089 321 1157 transierim,
342 1087 456 1166 Cinyre,
478 1096 505 1147 et
528 1090 628 1166 paucis
648 1094 781 1147 comitato
803 1089 928 1164 Cnpavo,

146 1173 229 1231 cuins
250 1170 381 1232 olorinae
400 1181 523 1247 surgunt
545 1172 581 1231 de
603 1173 711 1230 vertice
733 1174 849 1249 pinnae,

145 1257 264 1324 crimen,
287 1257 385 1326 Amor,
408 1266 537 1315 vestrum
561 1255 730 1331 formaeque
752 1257 865 1331 insigne
887 1260 1035 1329 paternae.

144 1356 270 1417 namque
294 1339 391 1399 serunt
412 1338 491 1400 luctu
515 1338 643 1417 Cycnum
665 1338 855 1398 Phaethontis
878 1337 973 1404 amati,

143 1423 283 1500 populeas
306 1423 382 1488 inter
404 1423 523 1484 frondes
546 1422 741 1501 umbramque
764 1439 899 1481 sororum

145 1506 213 1566 dum
235 1502 311 1566 canit
334 1515 363 1567 et
382 1516 525 1568 maestum
548 1525 629 1566 musa
650 1500 759 1566 solatur
781 1523 921 1574 amorem,

145 1600 298 1650 canentem
320 1590 400 1651 molli
423 1591 521 1669 pluma
544 1591 660 1650 drrxisse
682 1599 839 1658 senectam,

143 1671 323 1752 linquentem
346 1691 442 1735 terras
464 1684 492 1735 et
510 1675 606 1734 sidera
630 1691 699 1750 voce
719 1680 899 1752 sequentem.

145 1756 228 1823 lilius,
253 1757 381 1834 aequalis
404 1760 558 1818 comitatus
581 1757 673 1816 classe
696 1767 835 1824 catervas,

144 1842 292 1915 ingentem
314 1844 403 1900 remis
427 1842 604 1901 Centaurum
627 1850 795 1916 promovet:
818 1837 866 1897 ille

144 1925 231 1983 instat
254 1941 346 2001 aquae
364 1941 525 2000 saxumque
547 1923 633 1983 undis
653 1924 779 1983 immane
802 1924 928 1981 minatur

144 2007 253 2067 arduus
271 2015 300 2067 et
320 2007 407 2083 longa
430 2006 523 2066 sulcat
545 2006 636 2066 maria
659 2005 715 2066 alta
739 2007 847 2066 carina.

186 2089 238 2151 llle
262 2092 348 2150 etiam
372 2091 471 2168 patriis
493 2108 598 2167 agmon
619 2091 676 2149 ciet
697 2090 795 2150 Ocnus
818 2088 854 2150 ab
877 2090 944 2157 oris,

144 2174 278 2236 fatidicae
298 2174 412 2237 Mantus
433 2181 462 2234 et
484 2173 571 2233 Tusci
594 2171 668 2233 iilius
691 2176 793 2244 amnis,

144 2259 193 2337 qui
217 2276 317 2318 muros
337 2259 495 2336 matrisque
515 2257 594 2317 dedit
616 2256 677 2326 tibi,
700 2258 827 2328 Mantua,
839 2275 956 2320 ,nomen

145 2342 280 2420 (Mantua,
304 2343 383 2403 dives
404 2343 478 2408 avis:
501 2341 626 2402 sednon
648 2358 740 2418 genus
763 2342 899 2403 omnibus
918 2356 1026 2422 tinum:

144 2443 215 2503 gens
235 2425 279 2485 illi
297 2426 412 2505 triplex,
434 2425 534 2505 populi
558 2426 612 2486 suh
636 2436 722 2504 gente
744 2427 888 2505 quaterni,

66 2557 71 2568 .
144 2512 205 2588 ipsa
228 2520 316 2589 caput
339 2510 464 2589 populis,
487 2510 583 2572 Tusco
606 2511 643 2571 de
665 2513 806 2587 sanguine
829 2511 927 2584 vinee).

144 2594 212 2655 hinc
233 2614 351 2674 quoque
371 2596 546 2674 quingentos
567 2596 597 2654 in
620 2613 652 2655 se
672 2597 831 2656 Mezentius
854 2600 956 2660 armat,

145 2696 219 2755 quos
238 2689 321 2757 patre
340 2679 456 2739 Benaco
478 2679 589 2739 velatus
610 2678 773 2739 harundine
792 2679 894 2754 glauca

144 2761 269 2822 Mincius
292 2761 396 2825 intesta
416 2762 541 2824 ducebat
564 2765 593 2823 in
614 2781 742 2840 aequora
761 2764 842 2839 pinu.

144 2847 165 2905 it
186 2849 282 2922 gravis
301 2848 432 2907 Aulestes
450 2855 633 2923 centenaque
654 2844 761 2905 arbore
783 2844 904 2903 tinctum

145 2930 281 2990 verberat
302 2931 473 3004 adsurgens,
496 2936 633 3004 spumant
656 2928 727 2986 vada
746 2943 896 2986 marmore
918 2940 1012 2983 versu.

145 3014 224 3074 hunc
245 3014 322 3074 vehit
344 3013 477 3070 immanis
499 3009 601 3068 Triton
624 3018 652 3069 et
674 3006 791 3069 caerula
810 3008 922 3067 concha

147 3108 297 3158 exterrens
315 3097 398 3161 freta,
422 3095 468 3153 cui
490 3092 614 3152 laterum
637 3099 724 3152 tenus
746 3091 861 3169 hispida
883 3090 963 3150 nanti

146 3183 228 3241 ircns
250 3180 396 3238 bominem
418 3177 557 3254 praefert,
581 3179 612 3235 in
634 3177 747 3255 pristim
768 3177 873 3235 desinit
892 3174 987 3235 alvos:

144 3281 265 3342 spumea
288 3263 424 3323 semifero
443 3261 497 3322 sub
516 3271 636 3339 pectore
654 3269 818 3321 murmurat
840 3261 928 3320 unda.

186 3349 210 3406 T
213 3360 242 3406 ot
265 3347 331 3407 lecti
352 3364 491 3426 proceres
512 3355 557 3406 ter
578 3347 662 3405 denis
682 3345 806 3406 navibus
824 3344 906 3405 ibant

146 3432 275 3493 subsidio
297 3433 403 3494 Troiae
425 3440 454 3491 et
475 3449 594 3511 campos
615 3430 682 3491 salis
701 3448 770 3491 aere
791 3429 939 3490 secabant.

1102 3429 1129 3482 l*
