2400 3878
144 211 185 270 66
432 220 575 268 venum
599 219 800 269 anonercon
822 222 862 267 rn

146 376 248 444 sudor,
272 386 300 436 et
322 377 427 436 hirsuti
448 384 607 436 secuerunt
628 393 752 451 corpora
775 393 887 450 vepres.

144 458 279 518 dulcibus
300 460 410 519 idcirco
433 460 526 519 lluviis
548 476 639 535 pecus
660 477 746 518 omne
768 459 899 533 magistri

145 543 334 619 perfundunt,
358 543 479 620 udisque
502 544 578 602 aries
600 543 629 601 in
651 544 767 617 gurgite
790 541 862 601 vilbs

144 635 303 695 mersatur,
327 629 491 705 missusque
513 626 641 685 secundo
664 626 764 685 debuit
786 626 881 692 amni;

144 718 194 769 aut
214 719 332 770 tonsum
355 711 429 768 tristi
450 712 622 786 contingunt
644 726 752 785 corpus
773 726 902 775 amurca,

143 802 172 852 et
193 810 312 868 spumas
334 795 457 853 miscent
479 794 591 869 argenti
613 799 642 852 et
662 791 781 869 sulpura
806 794 867 852 viva

142 876 303 953 Idaeasque
325 878 403 952 pices
426 886 454 936 et
476 878 590 953 pinguis
614 877 741 954 unguine
763 894 846 936 ceras

143 958 313 1037 scillamque
335 959 538 1037 elleborosque
560 961 655 1037 gravis
676 960 852 1037 nigrumque
873 958 1013 1019 bitumen.

143 1061 203 1102 non
225 1051 322 1103 tamon
344 1042 403 1104 ulla
425 1045 517 1119 magis
539 1061 679 1120 praesens
700 1044 817 1103 fortuna
838 1041 1010 1112 laborumst,

143 1145 231 1204 quam
252 1128 342 1204 siquis
364 1127 443 1187 ferro
465 1128 559 1203 potuit
579 1129 748 1187 rescindere
769 1145 917 1186 summum

143 1210 249 1270 ulceris
273 1229 320 1270 os:
350 1211 436 1270 alitur
461 1212 559 1271 vitium
582 1212 707 1289 vivitque
730 1210 864 1288 tegendo,

143 1294 213 1354 dum
235 1293 363 1354 medicas
385 1294 525 1355 adbibere
547 1313 651 1355 manus
673 1295 709 1354 ad
732 1293 849 1354 volnera
871 1301 970 1371 pastor

143 1377 284 1453 abnegat,
308 1386 336 1438 et
357 1378 477 1438 meliora
500 1379 570 1438 deos
592 1379 674 1438 sedet
696 1378 791 1437 onuna
814 1395 946 1455 poscens.

143 1463 214 1539 quin
236 1463 331 1531 etiam,
354 1463 411 1522 ima
434 1462 517 1522 dolor
539 1461 689 1522 balantum
711 1461 811 1538 lapsus
833 1462 869 1522 ad
891 1478 956 1521 ossa

143 1564 211 1606 cum
233 1546 305 1605 lurit
326 1555 414 1623 atque
433 1556 514 1606 artus
536 1547 703 1622 depascitur
725 1546 805 1606 arida
827 1545 925 1614 iebris,

144 1630 253 1706 proluit
274 1631 408 1689 mcensos
431 1639 528 1690 aestus
550 1640 682 1690 avertere
705 1637 733 1689 et
753 1631 829 1688 inter

144 1716 200 1773 ima
223 1712 311 1773 ierire
332 1714 415 1791 pedis
437 1713 586 1773 salientem
609 1715 750 1790 sanguiue
771 1732 883 1783 venam,

146 1795 268 1856 Bisaltae
290 1814 348 1874 quo
370 1815 452 1856 more
474 1796 569 1855 solent
591 1815 717 1875 acerque
739 1797 877 1866 Gelonus

145 1898 211 1938 cum
233 1879 307 1955 iugit
328 1881 357 1937 in
379 1879 543 1956 ilbodopen
563 1887 651 1958 atque
672 1882 701 1940 in
725 1881 840 1940 deserta
862 1881 1012 1948 Getarum,

144 1970 172 2022 et
193 1961 238 2021 lac
260 1971 430 2023 concretum
454 1982 520 2023 cum
542 1966 683 2041 sangnine
704 1972 785 2041 potat
807 1966 923 2041 equino.

143 2065 230 2124 quam
252 2044 356 2123 procul
378 2053 427 2106 aut
448 2048 528 2107 molli
549 2049 707 2108 succedere
729 2050 845 2125 saepius
865 2047 989 2108 umbrae

144 2131 249 2189 videris
271 2138 320 2189 aut
342 2149 470 2190 summas
492 2142 661 2209 carpentem
682 2133 813 2208 ignavius
835 2131 957 2199 herbas,

143 2221 361 2292 extremamque
382 2219 464 2293 sequi
485 2223 536 2275 aut
557 2227 652 2276 memo
673 2214 870 2293 procumbere
892 2232 996 2292 campo

142 2305 309 2375 pascentem
332 2308 360 2357 et
381 2317 464 2360 serae
485 2299 577 2359 solani
599 2300 743 2360 decedere
765 2300 852 2368 nocti,

143 2382 280 2441 continuo
303 2382 418 2459 culpam
441 2385 521 2444 ferro
543 2402 698 2461 compesce
720 2385 801 2461 prius
823 2401 910 2460 quam

142 2467 205 2526 dira
227 2484 281 2543 per
302 2468 451 2527 incautum
474 2476 593 2546 serpant
615 2469 747 2544 contagia
770 2466 879 2544 volgus.

142 2568 202 2629 non
223 2558 283 2611 tam
306 2551 410 2611 creber
433 2569 522 2627 agens
544 2552 669 2612 hiemem
692 2553 751 2610 ruit
772 2569 900 2629 aequore
922 2550 1018 2620 turbo,
1103 2563 1163 2618 470

142 2653 229 2714 quam
250 2634 359 2696 multae
382 2636 526 2712 pecudum
549 2645 655 2713 pestes,
699 2654 754 2696 nec
775 2635 888 2712 singula
909 2633 1006 2695 morbi

141 2736 266 2795 corpora
289 2721 466 2795 corripiunt,
489 2719 540 2779 sed
555 2729 614 2779 tota
637 2721 743 2779 aestiva
765 2727 896 2796 repente,

141 2820 281 2880 spemque
304 2802 481 2880 gregemque
504 2802 588 2861 simul
611 2811 804 2879 cunctamque
826 2802 863 2862 ab
885 2802 997 2881 origine
1023 2810 1160 2880 gentem.

141 2892 204 2944 tum
226 2887 311 2954 sciat,
335 2888 429 2944 aerias
451 2885 531 2961 Alpis
553 2893 582 2944 et
604 2886 709 2945 Norica
732 2887 821 2962 siquis

142 2967 258 3028 castella
280 2970 310 3028 in
332 2966 451 3027 tumulis
473 2975 502 3027 et
523 2969 637 3047 lapydis
659 2988 726 3029 arva
748 2969 860 3030 Timavi
1103 2978 1161 3036 476

140 3070 220 3113 nuuc
242 3070 358 3130 quoque
380 3060 446 3127 post
466 3060 546 3111 tanto
569 3055 663 3113 videat
685 3054 859 3131 desertaque
880 3070 970 3129 regna

140 3143 291 3212 pastorum
314 3144 342 3196 et
364 3135 451 3212 longe
473 3136 563 3197 saltus
584 3137 700 3215 lateque
722 3139 858 3197 vacantis.

182 3220 236 3280 llic
259 3220 405 3297 quondam
427 3221 533 3280 morbo
555 3221 626 3281 caeli
648 3220 813 3281 miseranda
832 3227 960 3279 coortast

142 3310 298 3379 tempestas
320 3313 439 3381 totoque
461 3308 593 3365 autumni
614 3306 762 3365 incanduit
784 3314 874 3374 aestu,

141 3394 168 3446 et
192 3405 284 3464 genus
305 3406 391 3447 omne
413 3390 478 3449 neci
499 3389 645 3466 pecudum
667 3389 759 3456 dedit,
783 3406 870 3449 onme
892 3387 1031 3455 serarum,
1101 3399 1158 3454 48⁰

142 3473 330 3551 corrupitque
351 3472 446 3535 lacus,
470 3474 570 3533 iniecit
590 3471 697 3551 pabula
720 3471 796 3532 tabe.
