2400 3878
116 217 177 281 208
458 223 601 271 venomr
622 222 747 271 AENEIS
770 221 806 268 vr

117 402 254 447 necnon
279 392 307 442 et
326 381 448 459 Tityon,
470 381 582 442 Terrae
604 382 814 457 omniparentis
835 378 1004 448 alumnum,
1093 392 1148 448 595

119 487 243 531 cernere
265 473 341 536 erat,
364 484 418 543 per
440 474 500 526 tota
522 484 626 525 novem
650 467 698 525 cui
717 468 818 541 iugera
841 481 949 542 corpus

118 554 295 633 porrigitur,
318 560 475 629 rostroque
497 551 631 609 immanis
652 548 748 610 voltur
771 548 887 609 obunco

119 635 284 699 immortale
305 637 387 696 iecur
408 635 533 695 tondens
555 634 739 711 lecuudaque
760 635 863 711 poenis

119 725 231 782 viscora
252 722 434 798 rimaturque
458 719 551 797 epulis
571 719 741 795 habitatque
764 718 818 778 sub
840 719 897 779 alto

120 817 255 884 pectore,
277 822 331 864 nec
353 804 435 863 libris
457 806 573 881 requies
591 804 677 863 datur
699 803 757 863 ulla
774 804 891 863 renatis.
1096 815 1153 869 σου

122 890 206 971 [quid
228 907 390 949 memorem
414 888 566 965 Lapithas,
586 889 686 948 lxiona
708 888 987 983 Pirithoumquelh

443 994 462 1028 a
611 993 630 1026 e
779 992 799 1027 s
946 996 1011 1033 .-p--

123 1077 181 1136 quo
204 1075 294 1134 super
317 1066 380 1118 atra
401 1058 473 1119 silex
496 1060 554 1119 iam
576 1061 633 1119 iam
655 1060 773 1135 lapsura
796 1054 972 1137 cadentique¹

122 1143 254 1202 imminet
273 1141 426 1211 adsimilis:
446 1142 545 1203 lucent
563 1143 725 1221 genialibus
748 1143 812 1203 altis

123 1245 211 1287 aurea
235 1224 328 1286 fulcra
350 1227 438 1296 toris,
463 1226 625 1305 epulaeque
646 1238 713 1287 ante
731 1247 784 1288 ora
801 1234 921 1307 paratae

123 1311 243 1386 regifico
260 1310 347 1380 lu1u;
367 1310 510 1372 furiarum
532 1314 657 1372 maxima
679 1315 758 1373 iuxta
1100 1322 1156 1379 §oo

124 1394 248 1456 accubat
269 1406 297 1455 et
321 1395 455 1455 manibus
473 1397 610 1474 prohibet
630 1399 800 1474 contingere
820 1413 937 1457 mensas

113 1481 315 1579 pasurgitque
338 1481 433 1540 lacem
455 1480 589 1541 attollens
612 1494 699 1559 atque
721 1484 835 1542 intonat
856 1499 919 1542 ore.

124 1564 172 1623 hic
193 1563 300 1641 quibus
315 1566 398 1624 invisi
420 1566 540 1635 fratres,
568 1567 637 1627 dum
660 1567 716 1625 vita
736 1564 887 1634 manebat,

124 1646 292 1727 pulsatusve
314 1667 423 1726 parens
445 1660 474 1709 et
495 1653 575 1711 lraus
596 1652 702 1711 innexa
726 1650 838 1720 clienti,

125 1742 174 1791 aut
192 1733 242 1810 qui
263 1733 365 1792 divitiis
386 1733 440 1793 soli
460 1735 621 1795 incubuere
643 1737 768 1812 repertis
1103 1746 1159 1801 61⁰

126 1834 181 1875 nec
201 1826 314 1892 partem
333 1835 459 1893 posuere
481 1821 541 1877 suis
563 1819 648 1896 (quae
667 1820 792 1879 maxima
813 1817 899 1878 turba
917 1819 986 1897 est),

126 1901 234 1978 quique
257 1900 294 1959 ob
315 1900 490 1962 adulterium
511 1903 605 1973 caesi,
628 1904 735 1982 quique
757 1919 839 1963 arma
860 1904 954 1962 secuti

126 1985 214 2062 impia
236 2001 291 2045 nec
311 1986 395 2044 veriti
417 1986 603 2047 dominorum
626 1988 727 2047 lallere
748 1988 880 2055 dextras,

126 2066 230 2128 inclusi
246 2086 373 2146 poenam
393 2081 556 2147 expectant.
600 2090 639 2132 ne
661 2090 769 2151 quaere
788 2071 888 2131 doceri

127 2170 214 2229 quani
236 2170 377 2231 poenam,
401 2165 450 2214 aut
472 2175 547 2233 quae
567 2158 661 2216 lomna
680 2158 757 2216 viros
778 2157 930 2215 fortunave
949 2154 1066 2215 mersit.
1106 2166 1160 2221 61⁵

127 2253 229 2296 saxum
252 2238 355 2314 ingens
374 2237 492 2298 volvont
514 2240 576 2309 alii,
600 2241 748 2319 radiisque
768 2249 901 2300 rotarum

127 2320 249 2381 districti
270 2322 413 2399 pendent;
434 2325 517 2385 sedet
536 2335 747 2403 aeternumque
768 2322 882 2384 sedebit

127 2403 224 2465 infelix
242 2405 389 2476 Theseum
412 2407 613 2488 Phlegyasque
634 2410 817 2469 miserrimus
839 2409 934 2467 omnis

128 2489 266 2549 admonet
288 2504 316 2552 et
338 2511 442 2570 magna
465 2504 587 2555 testatur
609 2513 680 2554 voce
697 2510 751 2571 per
774 2491 909 2553 umbras:

129 2575 257 2635 “discite
279 2577 417 2637 iustitiam
436 2580 537 2639 moniti
560 2590 589 2638 et
608 2597 668 2639 non
690 2590 822 2638 temnere
843 2572 959 2636 divos.”
1107 2588 1164 2644 cm

129 2660 258 2719 vendidit
276 2660 324 2721 hic
345 2681 417 2721 auro
439 2664 563 2742 patriam
585 2663 796 2739 dominumque
816 2667 966 2739 potentem

128 2744 280 2820 imposuit,
306 2746 367 2805 fixit
388 2746 468 2823 leges
490 2750 586 2825 pretio
608 2758 696 2823 atque
713 2746 824 2813 refixit;

128 2827 176 2887 hic
197 2825 358 2888 thalamum
377 2831 480 2890 invasit
501 2840 586 2890 natae
607 2833 769 2909 vetitosque
792 2830 983 2908 hymenaeum

129 2912 191 2972 ausi
212 2929 314 2971 omnes
335 2915 462 2973 immane
483 2913 566 2973 nefas
587 2932 718 2992 ausoque
739 2915 831 2991 potiti.

128 3013 202 3063 non,
224 2995 296 3054 mihi
318 2996 342 3055 si
363 2995 480 3073 linguae
499 3005 616 3056 centum
638 2999 695 3056 sint
718 3016 829 3076 oraque
852 3006 970 3056 centum
1109 3008 1165 3063 εκ

129 3080 226 3140 ferrea
248 3099 319 3148 vox,
342 3081 436 3139 omnis
455 3078 600 3140 scelernm
619 3082 833 3158 comprendere
851 3082 977 3149 formas,

129 3165 227 3224 omnia
249 3182 411 3241 poenarum
431 3182 608 3241 percurrere
630 3167 749 3226 nomina
771 3161 907 3243 possim!

171 3248 251 3309 llaec
272 3247 323 3308 ubi
344 3247 419 3308 dicta
442 3248 521 3309 dedit
540 3248 652 3308 Phoebi
673 3248 813 3326 longaeva
835 3246 992 3315 sacerdos,

131 3330 266 3394 ·sediam
289 3352 359 3411 age,
382 3352 471 3414 carpe
492 3335 567 3393 viam
591 3342 619 3393 ot
640 3343 809 3410 susceptum
830 3332 940 3410 perfice
963 3348 1088 3395 munus.

130 3416 346 3480 adceleremus’
367 3420 423 3478 ait:
450 3418 625 3496 ‘Cyclopum
643 3418 748 3477 educta
772 3417 892 3476 caminis
1110 3428 1167 3485 m

131 3505 245 3565 moenia
270 3503 419 3583 conspicio
442 3512 529 3581 atque
551 3500 674 3563 adverso
696 3500 809 3561 fornice
831 3509 946 3579 portas.
