2400 3878
132 194 194 256 136
463 203 606 251 naseam
620 202 745 251 aunum
764 203 813 251 vu

133 363 202 422 dant
221 380 274 438 per
296 359 370 420 colla
388 358 500 428 modes,
518 366 603 418 sonat
620 358 713 417 amnis
735 365 763 418 et
782 358 849 417 Asia
869 356 957 435 longe

132 445 215 523 pulsa
233 443 325 521 palus.
659 470 663 475 ·

175 529 250 588 Eece
268 527 443 587 Sabinorum
465 528 563 605 prisco
582 525 618 586 de
635 525 776 604 sanguine
796 541 937 600 maguum

133 630 238 689 agmen
261 630 350 689 agens
372 610 493 671 Clausus
511 610 666 687 magnique
684 609 747 686 ipse
770 609 893 686 agminis
914 610 1018 680 instar,

134 696 250 756 Claudia
273 713 351 754 natue
374 715 390 754 a
415 712 473 772 quo
492 694 664 753 didmrditur
686 698 715 752 et
734 691 828 752 tribus
849 701 877 752 et
900 708 973 767 gens

133 797 186 857 per
205 779 326 844 Latium,
344 785 497 856 postquam
516 778 547 836 in
569 784 682 853 partem
702 775 769 836 data
789 775 880 835 Roma
900 774 1027 838 smmis.

134 881 191 923 una
207 863 312 939 ingens
332 864 482 922 Amiterna
504 859 611 920 cohors
633 860 780 937 priscique
802 857 939 930 Quirites,

134 946 213 1006 Ereti
235 962 339 1005 manus
361 946 455 1005 omnis
475 944 681 1019 olitiieraeque
702 943 867 1011 Mutuscae;

134 1030 183 1106 qui
202 1029 377 1088 Nomentum
399 1029 513 1096 urbem,
538 1028 587 1105 qui
608 1026 695 1086 Rosia
712 1043 783 1086 rura
805 1025 905 1095 Velini,

134 1113 183 1188 qui
205 1111 338 1171 Tetricae
355 1112 504 1173 horrentis
525 1128 615 1187 rupes
635 1119 825 1186 montemque
846 1110 987 1171 Severum

133 1196 360 1273 Casperiamque
381 1195 481 1255 colunt
501 1195 684 1270 Forulosque
707 1201 736 1254 et
756 1192 865 1253 flumen
885 1193 1037 1268 llimellae,

134 1279 182 1356 qui
203 1278 333 1338 Tiberim
354 1277 550 1356 Fabarimque
570 1278 684 1346 bibunt,
704 1295 778 1355 quos
797 1276 902 1354 frigida
923 1279 1003 1339 misit

135 1362 246 1431 Nursia,
270 1370 299 1422 et
320 1361 439 1423 Ortinae
461 1361 568 1422 classes
591 1360 750 1440 populique
769 1360 872 1430 Latini,

134 1464 266 1523 quosque
288 1464 390 1506 secans
411 1446 569 1506 infaustum
591 1443 721 1506 interluit
742 1443 804 1504 Alia
825 1461 948 1523 nomen:

134 1548 220 1607 quam
242 1530 325 1589 multi
348 1529 456 1608 bibyco
477 1530 630 1590 volventur
649 1546 798 1589 marmore
819 1527 926 1611 {luctus

133 1631 234 1674 saevos
256 1612 307 1673 ubi
328 1612 419 1673 Orion
441 1613 571 1674 bibernis
594 1613 729 1673 conditur
746 1612 849 1680 undis;

135 1696 177 1757 vel
196 1715 263 1757 cum
285 1696 347 1757 sole
369 1715 444 1756 novo
467 1697 575 1758 densae
596 1703 747 1756 torrentur
767 1697 872 1757 aristae

132 1788 182 1840 aut
201 1780 302 1840 llermi
323 1798 426 1857 campo
448 1787 497 1840 aut
514 1780 618 1858 Lyciae
640 1778 813 1840 flaventibus
834 1781 919 1841 arvis.

132 1872 214 1923 scuta
236 1871 340 1923 sonant
360 1861 505 1940 pulsuque
528 1864 636 1939 pedum
658 1864 816 1924 conterrita
839 1861 935 1924 tellus.

175 1947 249 2007 lliuc
270 1947 525 2024 Agamemnonius,
544 1947 662 2006 Troiani
687 1947 812 2006 nominis
833 1946 935 2016 bostis,

136 2048 225 2090 curru
247 2030 340 2107 iungit
361 2028 502 2091 llalaesus
525 2048 615 2107 equos
636 2030 797 2108 Turnoque
818 2030 925 2091 ferocis

133 2112 211 2173 mille
232 2114 309 2190 rapit
327 2113 461 2190 populos,
485 2121 599 2173 vertunt
621 2114 716 2174 felicia
737 2113 852 2174 Baccho

132 2195 252 2257 llassica
274 2199 323 2275 qui
341 2199 443 2257 rastris
465 2206 494 2257 et
516 2215 589 2275 (quos
610 2198 647 2258 de
667 2196 792 2258 collibus
814 2196 877 2257 altis

134 2281 260 2341 Aurunci
283 2282 390 2341 misere
411 2287 519 2358 patres,
543 2281 728 2359 Sidicinaque
750 2283 830 2341 iuxta
1010 2354 1011 2358 Ἰ

132 2382 260 2441 aequora
283 2365 390 2443 quique
409 2363 491 2426 Cales
511 2364 631 2433 lincunt,
656 2364 807 2441 amnisque
826 2363 925 2424 vadosi

133 2448 230 2508 accola
253 2446 394 2518 Volturni,
416 2450 586 2528 pariterque
610 2447 754 2508 Saticulus
777 2465 863 2525 asper

132 2530 333 2610 Oscorumque
355 2550 468 2593 manus.
502 2540 609 2594 teretes
630 2541 699 2593 sunt
718 2529 833 2609 aclydes
851 2529 908 2590 illis

132 2614 196 2686 tela,
220 2615 271 2676 sed
286 2617 359 2677 baec
380 2616 459 2677 lento
482 2635 545 2677 mos
568 2624 613 2678 est
635 2623 736 2694 aptare
757 2613 887 2690 flagello:

132 2713 227 2759 laevas
247 2709 343 2760 caetra
364 2702 445 2777 tegit,
467 2699 564 2761 ialcati
586 2701 748 2761 comminus
771 2715 865 2758 enses.

173 2782 234 2842 Nec
256 2791 287 2842 tu
306 2783 484 2843 carminibus
501 2785 608 2843 nostris
631 2784 755 2842 indictus
777 2780 880 2851 abibis,

132 2863 249 2933 Oebale,
273 2882 360 2943 quem
381 2882 536 2939 generasse
558 2863 650 2925 Telon
671 2864 829 2926 Sebethide
849 2865 978 2943 nympha

130 2948 234 3016 lertur,
257 2945 417 3007 Teleboum
441 2948 567 3024 Capreas
590 2966 658 3007 cum
679 2966 772 3025 regna
793 2955 916 3017 teneret,
1100 2964 1159 3017 m

130 3032 187 3089 iam
208 3029 321 3097 senior;
342 3030 445 3107 patriis
465 3028 516 3089 sed
528 3047 588 3089 non
611 3040 640 3090 et
657 3029 735 3091 lilius
757 3032 833 3092 arvis

130 3120 284 3174 contentus
306 3112 363 3173 late
384 3114 441 3172 iam
461 3121 523 3173 tum
546 3112 660 3174 dicione
682 3114 835 3191 premebat

130 3196 270 3256 Sarrastis
290 3195 414 3275 populos
437 3204 466 3256 et
488 3214 562 3272 quae
581 3197 660 3272 rigat
681 3216 809 3277 aequora
832 3199 944 3259 Sarnus

130 3280 239 3359 quique
259 3279 366 3341 lluiras
387 3280 580 3358 Batulumque
601 3288 701 3341 tenent
722 3289 810 3359 atque
832 3299 899 3342 arva
920 3281 1088 3351 Celemnae

130 3370 158 3423 et
180 3381 253 3439 quos
273 3363 422 3425 maliferae
443 3364 612 3442 despectant
630 3366 744 3425 moenia
768 3364 876 3434 Bellae,
1106 3382 1162 3435 τω

129 3443 289 3507 Teutonico
312 3449 370 3509 ritu
388 3446 463 3509 soliti
481 3455 621 3526 torquere
643 3449 756 3517 cateias,
