2400 3878
353 224 494 270 vnncmr
518 222 719 270 ononsrcon
741 223 782 269 111
1038 211 1077 270 65

63 396 151 458 pasce
174 395 240 437 sero
262 379 371 454 pingui.
417 395 576 455 numquam
599 378 769 438 custodibus
791 377 847 437 illis

63 469 240 522 nocturnum
264 460 385 521 stabulis
407 461 503 522 iurem
525 463 720 539 incursusque
741 461 878 539 luporum

64 552 114 606 aut
135 546 285 621 inpacatos
307 563 323 604 a
346 552 429 622 tergo
452 544 588 605 horrebis
610 545 744 605 lliberos.

64 647 153 705 saepo
176 629 260 688 etiam
286 645 374 688 cursu
397 629 512 698 timidos
535 628 658 706 agitabis
680 645 816 706 onagros,

65 721 94 772 et
116 710 237 772 canibus
258 711 405 788 leporem,
429 712 551 773 canibus
572 712 719 773 venabere
740 713 885 779 dammae
1027 720 1079 775 llo

65 814 153 873 saepe
176 794 334 855 volutabris
356 795 456 872 pulsos
480 795 659 856 silvestribus
681 813 769 873 apros

64 878 171 939 latratu
193 878 325 939 turbabis
348 895 452 955 agens,
475 881 642 957 montisque
662 897 717 957 per
739 879 812 939 altos

65 964 213 1038 ingentem
236 961 364 1023 clamore
387 980 503 1039 premes
525 963 561 1022 ad
583 965 656 1024 retia
679 982 806 1024 cervom.

108 1047 192 1106 llisce
215 1052 243 1105 et
265 1047 415 1107 odoratam
439 1046 561 1107 stabulis
583 1047 744 1107 accendere
765 1045 897 1112 cedrum,

65 1127 266 1207 galbaneoque
288 1132 398 1208 agitare
420 1132 516 1206 gravis
537 1132 641 1191 nidore
664 1130 826 1209 chelydros.
1028 1140 1079 1192 415

66 1230 153 1290 saepo
176 1212 230 1273 suh
253 1214 380 1273 immotis
402 1214 593 1292 praesepibus
616 1221 665 1275 aut
687 1213 762 1275 mala
783 1221 862 1275 tactu

65 1297 164 1372 vipera
187 1295 298 1357 delituit
321 1296 493 1376 caelumque
515 1299 653 1358 exterrita
675 1299 762 1376 fugit,

66 1387 116 1439 aut
137 1386 214 1439 tecto
238 1380 375 1440 adsuetus
398 1380 517 1441 coluber
540 1382 699 1442 succedere
721 1388 750 1440 et
771 1380 903 1449 umbrae,

66 1462 166 1541 (pestis
189 1462 295 1521 acerba
318 1462 417 1542 bourn)
440 1467 599 1540 pecorique
621 1482 778 1541 aspergere
800 1465 888 1532 virus,

65 1544 137 1604 fovit
158 1545 289 1605 humum.
336 1563 407 1622 cape
429 1563 497 1605 saxa
519 1565 622 1615 manu,
647 1565 718 1623 cape
739 1547 864 1615 robora,
887 1555 987 1624 pastor
1030 1557 1081 1611 420

64 1627 275 1705 tollentemque
297 1630 390 1689 minas
413 1636 441 1688 ct
462 1628 544 1689 sibila
568 1629 641 1690 colla
663 1637 823 1691 tumentem

66 1711 157 1771 deice.
202 1713 319 1790 iamque
341 1713 409 1791 luga
432 1713 564 1773 timidum
587 1721 674 1792 caput
695 1713 806 1774 abdidit
827 1714 892 1781 alte,

67 1813 133 1855 cum
156 1795 243 1855 medii
265 1814 358 1857 nexus
381 1803 587 1874 extremaeque
609 1799 723 1876 agmina
747 1798 856 1858 caudae

64 1878 230 1948 solventur,
253 1881 412 1958 tardosque
433 1881 521 1940 trahit
543 1883 622 1941 sinus
644 1881 762 1942 ultimus
784 1881 873 1942 orbis.

65 1968 109 2022 est
132 1963 218 2022 etiam
240 1962 289 2023 ille
310 1964 403 2024 malus
427 1964 556 2025 Calabris
578 1967 607 2025 in
629 1965 751 2026 saltibus
772 1966 884 2042 anguis,
1030 1975 1080 2029 ms

64 2063 204 2123 squamea
227 2047 402 2108 convolvens
425 2048 539 2109 sublato
561 2055 681 2126 pectore
702 2057 785 2127 terga

64 2137 152 2206 atque
173 2131 250 2190 notis
270 2130 388 2210 longam
410 2131 576 2193 maculosus
597 2132 757 2210 grandibus
778 2132 888 2200 alvom,

65 2215 129 2291 qui,
160 2214 229 2275 dum
253 2234 353 2276 amnes
375 2215 425 2276 ulli
447 2222 625 2293 rumpuntur
646 2215 775 2276 lontibus
797 2225 826 2275 et
847 2216 917 2275 dum

66 2313 135 2356 vere
158 2298 278 2358 madent
300 2300 358 2360 udo
381 2307 480 2360 terrae
502 2318 537 2359 ac
550 2298 733 2440 pluviahbus
755 2300 870 2367 austris,

65 2386 167 2457 stagna
191 2381 273 2449 colit,
297 2384 428 2461 ripisque
449 2382 547 2442 habita
571 2401 583 2440 s
602 2382 657 2440 sibi
674 2382 804 2460 piscibus
826 2390 920 2442 atram
1031 2388 1082 2442 430

66 2463 218 2539 improbus
240 2463 396 2541 ingluviem
416 2467 554 2542 ranisque
575 2464 746 2541 loquacibus
769 2464 878 2542 explet;

67 2552 222 2623 postquam
246 2555 347 2607 exusta
370 2547 467 2622 paluS,
491 2555 647 2622 terraeque
669 2547 776 2605 ardore
798 2546 960 2613 dehiscunt,

66 2626 172 2690 exsulit
193 2630 222 2688 in
245 2630 371 2698 siccum,
403 2634 430 2688 ot
451 2629 628 2688 flammantia
649 2627 758 2688 lumina
780 2636 921 2706 torquens

68 2713 159 2772 saevit
181 2714 259 2788 agris
282 2729 426 2790 asperque
449 2713 494 2772 siti
517 2718 604 2788 atque
626 2713 782 2772 exterritus
804 2720 895 2773 aestu.

66 2813 105 2856 ne
126 2795 197 2855 mihi
219 2802 281 2855 tum
303 2795 400 2855 mollis
422 2796 476 2857 suh
500 2796 565 2855 divo
588 2813 710 2872 carpere
732 2814 851 2856 somnos
1032 2804 1082 2858 435

68 2897 125 2942 neu
148 2880 235 2939 dorso
259 2882 387 2940 nemoris
409 2880 498 2941 libeat
520 2880 643 2940 iacuisse
664 2897 719 2957 per
740 2880 857 2950 herbas,

69 2981 135 3024 cum
157 2965 259 3041 positis
280 2982 371 3024 novos
394 2965 502 3025 exuviis
525 2964 691 3042 nitidusque
713 2966 827 3026 iuventa

67 3045 191 3107 volvitur
214 3055 263 3109 aut
286 3047 396 3109 catulos
418 3051 501 3110 tectis
524 3055 573 3109 aut
595 3067 647 3108 ova
669 3048 839 3129 relinquens

68 3129 177 3190 arduus
200 3132 236 3191 ad
259 3131 365 3203 solem,
390 3141 418 3194 et
439 3132 545 3209 linguis
566 3134 654 3192 micat
676 3151 728 3193 ore
749 3132 885 3193 trisulcis.

110 3212 281 3275 Morborum
304 3235 420 3294 quoque
441 3224 471 3277 te
493 3233 596 3276 causas
619 3222 647 3274 ot
668 3217 749 3293 signa
777 3216 898 3276 docebo.
1032 3225 1083 3275 440

68 3297 163 3373 turpis
185 3300 245 3358 ovis
268 3307 389 3378 temptat
410 3301 539 3367 scabies,
562 3299 612 3359 ubi
629 3299 751 3376 frigidus
773 3300 868 3360 imber

69 3381 154 3440 atius
176 3381 212 3441 ad
233 3382 327 3442 vivom
350 3387 479 3462 persedit
501 3393 529 3443 et
551 3382 671 3442 horrida
694 3400 766 3443 cano

68 3463 172 3523 bruma
196 3463 278 3542 gelu,
301 3466 347 3528 vel
369 3486 434 3528 cum
456 3467 548 3527 tonsis
569 3465 695 3527 inlautus
716 3467 847 3528 adhaesit

121 3581 252 3630 nrnnncx,
272 3581 385 3618 11311311.
855 3566 874 3624 5
