2400 3878
75 207 128 257 xli
383 207 430 254 DE
452 208 535 256 VITA
558 207 601 254 ET
624 207 779 258 scalpris

75 367 112 424 ita
132 382 167 422 ne
182 364 338 421 adulescens
360 365 467 438 quidem
488 365 616 439 neglexit.
648 382 732 421 annos
748 365 803 423 avt
819 372 915 438 natus,
936 367 963 422 h.
978 383 1001 422 e.
1019 384 1088 424 anno

76 445 194 524 toosst
206 450 325 505 culicem
339 464 434 522 poema
446 455 651 523 composuerat,
664 448 698 505 de
710 465 764 522 quo
775 465 838 506 mox
848 448 900 505 alio
912 449 973 506 loca
983 466 1090 506 accura-

75 525 337 603 umrtisseremusit.
353 531 1089 605 necprobabilesereriorastudiaIngeniosumiuvenem

74 613 1089 673 RomaeadeoamusisavocavisseutintraannolelnullacarminaIaocret.
1176 652 1179 654 v

74 699 193 754 nametsi
201 714 255 771 quo
261 700 391 772 magistro
397 701 520 772 poeticae
526 700 590 755 artis
603 705 739 755 tuncusus
745 699 780 755 sit
791 698 842 755 dict
854 693 989 771 nequit4),
1002 706 1090 755 tamon

73 790 218 855 postquam
234 780 328 838 urbem
342 783 482 855 ingressus
498 788 539 839 est
555 798 624 838 anuo
641 781 718 853 701,
734 783 761 838 in
777 788 919 855 poetarum
934 783 1034 856 partim
1048 798 1091 838 se-

74 865 180 920 niorum
196 865 292 937 partim
307 864 458 938 aequalium
473 873 581 923 coetum
595 865 788 940 amplissimum
800 881 862 922 mox
876 872 1015 938 receptum
1031 882 1091 922 esse

73 949 222 1004 statuerim.
246 950 346 1003 mortui
357 948 464 1022 quidem
474 949 554 1022 paulo
566 955 629 1005 ante
640 956 715 1006 erant
728 965 751 1004 a.
764 948 824 1006 699
837 947 995 1020 Lucretius,
1007 948 1089 1022 paulo

72 1037 137 1106 post
149 1029 209 1088 702
223 1028 358 1103 Catullus,
373 1032 421 1087 sod
436 1032 559 1088 vivobant
574 1034 653 1089 etiam
668 1032 749 1089 huius
764 1031 873 1089 sodales
887 1032 1016 1088 Licinius
1027 1032 1090 1089 Cal·

73 1129 126 1172 out
141 1110 174 1186 (†
188 1120 251 1170 ante
267 1114 354 1187 708),
372 1116 543 1188 Cornificius
559 1117 661 1173 Gallus
675 1113 707 1188 (†
720 1114 808 1186 713),
826 1113 854 1170 0.
865 1115 987 1172 Helvius
999 1116 1090 1173 Cinna

73 1192 109 1272 (†
128 1204 192 1271 post
207 1194 297 1272 714),
318 1199 414 1272 hisque
435 1201 520 1255 maior
541 1206 605 1256 natu
629 1200 761 1257 Valerius
777 1198 846 1255 Cato
869 1195 1089 1271 ‘grammaticus

73 1278 166 1337 Latius
180 1279 279 1353 Siren’,
295 1283 356 1356 qui,
372 1289 403 1338 ut
418 1281 542 1340 Suetonii
555 1282 588 1339 dc
603 1289 715 1357 gramm.
736 1281 772 1337 11
784 1280 871 1336 verbis
887 1287 963 1352 utar,
979 1277 1090 1337 ‘docuit

73 1363 174 1421 mrrltos
190 1371 217 1420 at
232 1364 335 1422 nobiles
351 1367 478 1439 visusque
492 1373 534 1422 est
555 1365 717 1441 peridoneus
733 1371 897 1439 praeceptor
908 1363 940 1420 ad
955 1365 1089 1438 poeticam

73 1446 261 1520 petentibus',
290 1465 420 1506 annorum
445 1459 501 1507 tum
532 1450 588 1506 fere
614 1448 740 1510 XXXXV;
771 1448 833 1504 huic
858 1463 945 1524 prope
971 1448 1088 1522 aequalis

80 1607 205 1620 'm'b
212 1612 283 1620 a.—

77 1735 151 1801 apud
168 1736 307 1786 Donatum
325 1721 399 1785 '‘ludi
417 1732 587 1800 [aladiatorii]
604 1738 762 1799 martham’
781 1735 971 1799 interpolavit,
991 1737 1022 1783 ut
1040 1737 1084 1785 est

77 1801 106 1850 in
127 1801 262 1851 Bernensi
283 1798 343 1851 cod.
368 1802 417 1851 ott
439 1804 468 1852 et
489 1801 518 1850 in
535 1801 663 1865 vulgata:
688 1800 725 1850 ci.
743 1800 843 1863 Hagen
861 1799 879 1849 l.
897 1799 917 1848 1.
938 1815 964 1864 p.
983 1801 1032 1851 680
1055 1803 1084 1849 et

77 1867 518 1997 Hauptrsssogqppr.p·lpd’tll2sq.
538 1930 670 1997 (danorum
687 1933 745 1982 XV
760 1930 855 1996 sang.)
873 1931 981 1982 Phocus
997 1945 1023 1980 v.
1042 1930 1083 1980 60.

76 2004 86 2032 ³
93 2006 119 2050 at
128 2002 293 2064 praefatione
305 2003 413 2065 qaudam
425 2006 533 2050 aetatem
544 2007 570 2050 et
585 2000 659 2049 initia
669 2014 716 2048 aaa
728 2013 782 2048 cam
797 1999 910 2061 Vespillo
922 1999 1082 2061 conparane’

78 2064 228 2130 (Lucanus)
247 2071 339 2117 ‘ausus
355 2070 389 2118 sit
406 2069 506 2117 dicere:
524 2071 572 2116 “et
589 2070 706 2131 wantum
722 2065 782 2115 mitt
796 2071 880 2115 restat
890 2066 927 2114 ad
941 2064 1082 2114 mttcemw

78 2133 226 2184 Suetonius
245 2148 270 2197 p.
283 2135 323 2196 110,
337 2134 392 2183 oR.
411 2134 488 2184 ‘hacc
497 2134 579 2197 primo
592 2133 686 2183 iuuenis
696 2146 774 2182 canes
784 2131 829 2181 aab
847 2145 909 2181 aeva
923 2131 992 2180 Ante
1003 2144 1084 2180 annos

77 2201 163 2249 calicis
181 2201 340 2249 Maeoniam*
360 2199 465 2250 Statius
477 2199 538 2252 silv.
549 2198 578 2249 II
591 2201 614 2261 7,
627 2201 659 2249 73
672 2213 733 2263 sqq.
751 2197 787 2247 ci.
804 2197 877 2246 idem
894 2198 924 2246 in
941 2196 1028 2261 praei.
1048 2195 1084 2245 ad

81 2265 141 2318 silv·
159 2267 186 2328 I,
209 2266 347 2317 Martialis
365 2267 431 2317 VIII
449 2267 495 2329 66,
513 2268 553 2318 20.
572 2265 637 2318 XIV
655 2266 712 2315 185.

143 2331 165 2396 ²)
184 2333 317 2382 Parthenii
338 2333 510 2397 grammatici
532 2347 596 2381 num
621 2333 651 2382 in
673 2331 787 2382 Graecis
812 2331 915 2380 litteris
938 2326 1083 2392 disciplina

79 2413 144 2449 usus
167 2399 202 2448 sit
224 2400 367 2449 nonsatis
390 2404 505 2450 constat.
540 2394 631 2464 quem,
656 2402 801 2463 postquam
822 2411 895 2447 anno
912 2396 961 2447 681
983 2408 1083 2459 οκριις

78 2468 143 2514 nata
165 2464 238 2515 bello
254 2465 443 2517 Mithridatico
461 2466 552 2531 patria
569 2466 636 2516 urbe
653 2465 757 2514 Nicaea
774 2465 887 2514 Romam
901 2462 1027 2528 captivus
1039 2460 1084 2510 de·

77 2531 175 2582 ductus
199 2532 245 2591 sit,
274 2548 345 2584 anno
368 2535 417 2585 690
440 2531 555 2597 Neapoli
578 2532 683 2583 Graeca
711 2531 832 2582 Maronis
860 2531 951 2582 studia
978 2527 1082 2578 rexisse

75 2597 230 2649 Meinekius
255 2599 327 2649 anal.
360 2601 437 2651 Alex.
465 2603 513 2651 25⁵1
541 2615 636 2665 parum
666 2597 846 2664 probabiIIter
872 2596 979 2647 statuit.
1019 2598 1085 2645 tunc

78 2666 151 2715 enim
170 2667 254 2717 etiarn
272 2667 301 2716 in
323 2673 438 2732 paterno
457 2682 523 2732 agro
547 2667 676 2733 puerulus
699 2667 776 2718 Maro
793 2663 869 2715 bulla
886 2665 991 2714 cinctus
1008 2662 1083 2713 lusit.

77 2732 193 2782 obscura
210 2737 304 2782 autem
320 2749 370 2784 noc
388 2736 460 2784 omni
478 2734 649 2784 dubitatione
667 2737 775 2784 exemta
787 2731 922 2798 Macrobii
935 2731 993 2780 Sat.
1005 2730 1030 2779 V
1042 2729 1083 2788 17,

77 2797 109 2846 18
132 2798 215 2848 verba
239 2803 303 2848 sunt
326 2804 428 2850 ‘uersus
450 2806 488 2848 est
510 2799 655 2861 Parthenii,
680 2813 728 2863 quo
745 2800 907 2862 grammatica
932 2799 958 2845 ia
978 2794 1084 2844 Graecis

80 2864 208 2928 Vergilius
232 2877 290 2912 uscia
313 2869 370 2914 est.’
410 2880 474 2914 narn
497 2865 565 2914 haec
586 2866 648 2928 ipsa
671 2868 736 2929 ‘quo
755 2877 865 2919 ..usus
878 2865 933 2912 est'
957 2864 985 2911 et
1003 2872 1083 2908 erasa

79 2934 143 2979 sunt
160 2931 188 2978 in
200 2930 353 2981 Parisiensi
364 2932 394 2990 Ρ,
414 2947 465 2981 nec
482 2931 551 2981 satis
569 2945 630 2981 cum
643 2930 751 2980 dicendi
769 2927 967 2980 consuetudine
979 2927 1084 2975 Macro-

76 2996 161 3046 biana
188 2995 317 3047 videntur
338 2997 480 3048 conciliari
507 3012 587 3062 posse
610 2997 684 3055 (ride
707 2997 769 3048 Iani
791 2995 1009 3056 adnotationem,
1037 2991 1084 3056 qui

76 3061 146 3111 haec
168 3063 285 3113 coniecit
315 3068 377 3129 ‘quo
400 3066 596 3129 γραμματικῶς
617 3067 645 3114 ia
664 3065 791 3129 qeorpicie
817 3064 844 3113 V
858 3077 917 3112 asoa
940 3064 1003 3123 est’,
1030 3058 1084 3109 nisi

77 3128 146 3179 forte
159 3131 267 3180 omnino
281 3130 472 3196 expellendum
484 3132 522 3182 sit
534 3130 748 3197 ‘prammatico’t
777 3145 829 3180 nac
844 3127 950 3180 Gellius
963 3128 1003 3177 IX
1014 3128 1040 3186 9,
1059 3128 1083 3176 3.

76 3194 145 3245 XIII
157 3198 189 3247 27
206 3196 352 3261 quidquam
364 3202 486 3250 testatur
502 3200 556 3250 nisi
573 3197 738 3248 aemulatum
757 3212 818 3248 esse
835 3194 986 3260 Vergilium
1004 3206 1084 3258 quos·

77 3261 139 3312 dam
160 3262 302 3312 Parthenii
325 3269 356 3314 ut
383 3267 495 3317 Homeri
516 3266 631 3316 HesIodi
652 3266 793 3330 Apollonii
815 3261 975 3313 Callimachi
997 3260 1084 3310 Theo·

77 3329 139 3379 criti
157 3344 261 3399 versus.
296 3347 347 3383 nec
360 3334 433 3399 quod
450 3335 585 3384 Moratum
602 3334 744 3384 Parthenii
761 3333 884 3383 imitatus
903 3343 964 3380 esse
983 3326 1084 3377 dicitur

77 3409 94 3444 a
117 3395 266 3447 scholiasta
288 3397 467 3452 Ambrosiano
489 3398 539 3465 (cf.
558 3401 713 3453 Meinekius
732 3400 805 3454 anal.
822 3399 901 3451 Alex.
920 3395 994 3460 172),
1019 3391 1085 3444 inda

76 3468 253 3530 praeceptore
271 3480 349 3520 usum
368 3485 428 3522 esse
447 3470 579 3535 sequitur.
