2400 3878
96 201 158 266 378
420 220 450 267 r.
472 217 615 265 venenu
638 219 794 267 rannerus

97 373 259 433 narcissum
283 373 448 451 casiamque
470 374 579 435 berbas
601 374 755 434 contundit
776 373 897 445 olentes

97 470 199 535 terque
223 474 336 516 uerena
358 456 452 533 ligans
474 457 583 536 triplici
607 457 719 517 diversa
743 457 841 517 celere

96 540 142 600 tila
164 545 221 599 ‘ter
243 542 274 599 in
296 542 442 618 grenrinnr
464 547 592 602 mecum’
614 543 709 620 inquit
731 542 852 621 ‘despue
876 544 965 620 rlrgn,

96 625 205 702 despue
227 634 288 694 ter,
312 626 407 703 ruge:
432 645 555 686 nurnero
579 625 650 685 dens
668 627 781 703 impare
798 626 923 703 gaudet.²

95 707 163 767 inde
186 726 271 786 rnage
294 719 433 786 generata
455 711 515 770 lori
537 709 676 787 Stygialia
698 727 790 779 saera,

95 810 177 850 sacra
201 810 256 852 nec
277 793 381 853 Aeaeis
403 793 523 854 senibus
545 811 600 852 nce
623 795 738 871 cognita
761 793 845 852 Grais

95 876 206 953 pergit,
229 874 385 953 Anrrclace
408 895 551 956 spargens
573 876 674 936 altaria
697 874 797 942 thallo,

95 961 173 1036 regis
196 957 326 1018 Iolciacis
349 962 478 1021 nninrurn
503 960 631 1037 defigere
654 963 736 1020 retis.

96 1060 195 1101 rerunr
219 1042 269 1102 ubl
291 1041 369 1102 nulla
392 1053 489 1104 ureret
511 1044 645 1104 stabilem
667 1043 782 1104 lallacia
804 1042 905 1102 Nisuur

95 1143 149 1185 nec
171 1135 293 1204 possunt
315 1125 450 1188 hemines
472 1146 527 1188 nec
549 1135 673 1205 pessunt
693 1129 813 1186 lleetere
835 1126 893 1185 diri

95 1211 184 1282 (tanta
207 1211 303 1268 estin
324 1227 415 1286 parvo
437 1211 543 1270 fiducia
566 1212 649 1270 crine
671 1211 812 1288 carendi),

95 1311 196 1352 rursus
219 1293 255 1352 ad
277 1294 427 1371 incepturn
449 1296 559 1355 secianr
582 1314 614 1353 se
635 1296 731 1372 iungit
751 1294 887 1354 alumnae

95 1395 334 1456 purpureumque
355 1388 440 1456 parat
461 1397 563 1439 rursus
585 1379 709 1438 tendere
732 1376 878 1457 capillum,

94 1460 244 1538 languenti
266 1463 402 1539 queniam
426 1471 523 1542 captat
544 1480 718 1522 succurrere
740 1462 843 1527 anseri,

95 1563 153 1603 rren
176 1547 273 1604 rninus
294 1545 343 1605 illa
366 1557 479 1617 tamen,
504 1548 604 1607 rerelri
626 1546 704 1625 qnod
726 1546 842 1604 rnuenia
865 1544 968 1604 Cressa

94 1629 231 1706 gaudeat:
256 1638 285 1689 el
306 1632 400 1690 cineri
421 1633 514 1709 patria
537 1641 582 1691 est
602 1629 729 1690 iucunda
751 1627 874 1707 sepulte.

135 1713 213 1790 Ergo
235 1715 341 1773 iterunr
365 1717 452 1792 capiti
475 1715 570 1793 Scylla
593 1723 637 1774 est
658 1715 777 1773 ininrlea
798 1719 922 1791 paterno

95 1806 155 1855 uun
178 1815 261 1855 cerrra
285 1797 405 1857 Sideuin
428 1799 537 1859 llorens
560 1799 704 1857 deciditur
726 1805 815 1864 estro,

94 1889 154 1938 turn
177 1882 291 1957 eapitur
312 1879 436 1958 Megara
459 1892 488 1941 et
510 1883 606 1941 dirern
629 1899 756 1959 repensa
777 1879 948 1958 probantur,

94 1972 154 2023 turn
177 1980 318 2040 suspensa
341 1982 415 2022 uere
438 1966 496 2023 ritu
518 1965 555 2023 de
577 1964 698 2023 naribus
720 1964 786 2023 altis

95 2064 149 2124 per
171 2064 253 2105 rnare
275 2047 443 2106 caeruleum
465 2048 592 2107 trabitur
615 2048 712 2108 Niseia
735 2050 826 2124 virge.
881 2055 884 2062 '

94 2129 259 2207 cenrplures
280 2130 360 2189 illan]
384 2130 529 2209 upnplrae
552 2133 697 2190 mirantur
719 2132 750 2190 in
772 2129 868 2198 undis,

93 2215 216 2272 rnirntur
238 2222 322 2290 pater
346 2213 480 2274 Oceanus
502 2221 531 2273 et
554 2214 678 2273 candida
700 2214 810 2291 Tethys

93 2304 122 2355 et
143 2297 263 2375 cupidas
285 2316 384 2357 secum
407 2299 525 2377 rapiens
548 2297 666 2358 Galatea
688 2316 820 2367 soreres;

93 2379 171 2440 illanr
195 2383 282 2441 etianr
304 2383 411 2442 iunctis
432 2399 571 2460 inagnum
595 2399 670 2460 quae
691 2381 821 2461 piscibus
844 2399 953 2459 aequor

93 2473 122 2523 et
143 2463 246 2541 glauco
268 2464 407 2543 bipedum
430 2484 520 2526 curru
542 2468 662 2526 rnctitur
685 2485 829 2545 equorum

93 2549 260 2608 Leucothea
281 2569 445 2629 parvusque
469 2550 522 2609 dea
545 2569 613 2611 curn
635 2557 730 2611 nratre
751 2549 924 2618 Palaemen;

91 2632 172 2692 illanr
196 2635 283 2693 etiarn
307 2633 435 2695 alternas
457 2635 555 2694 sortiti
577 2636 674 2694 virere
696 2633 786 2704 luces,

93 2733 160 2774 cara
182 2717 256 2776 loris
279 2717 411 2787 subeles,
434 2736 575 2796 magnum
597 2719 673 2778 levis
694 2719 920 2788 incrementum,

92 2799 277 2876 Tyndaridae
300 2804 400 2861 niveos
421 2804 567 2862 mirantur
589 2803 711 2879 virginis
732 2811 822 2862 artus.

93 2883 145 2940 lras
168 2883 240 2941 adeo
263 2902 349 2944 voces
371 2893 458 2962 atque
480 2885 554 2944 lraec
576 2885 706 2946 lamenta
727 2904 781 2963 per
805 2903 891 2945 auras

94 2963 229 3023 [luctibus
250 2966 281 3024 in
303 2967 408 3026 mediis
429 2975 534 3044 questu
556 2968 690 3028 volvebat
711 2970 800 3033 inani.

92 3046 128 3106 ad
151 3046 263 3107 caelum
286 3048 387 3108 inlclix
410 3048 543 3109 ardentia
566 3049 677 3110 lunrlna
700 3052 835 3119 tendens

92 3130 217 3201 lunrina,
242 3149 310 3192 nant
332 3142 449 3192 teneras
471 3132 612 3192 arcebant
634 3134 749 3194 rineula
771 3133 897 3211 palmas:

92 3217 278 3293 ‘supprimite
300 3236 317 3277 0
341 3216 459 3296 paulurn
482 3215 591 3276 turbati
615 3217 733 3277 llanrina
754 3219 842 3286 venti,

93 3298 160 3358 duur
184 3311 345 3377 quereret
368 3301 448 3361 diros
471 3299 658 3379 (quamqualn
681 3299 722 3360 nil
744 3301 868 3362 testibus
889 3300 947 3362 illis

93 3382 212 3461 proieci)
237 3393 367 3445 extrema
389 3386 520 3445 moriens
541 3393 639 3443 tamen
662 3382 805 3462 adlequer
827 3386 910 3446 hera..

96 3483 142 3524 res
165 3484 232 3543 ege,
256 3486 307 3528 res
328 3469 417 3539 adeo,
440 3469 533 3538 renti,
557 3465 702 3542 testabor,
726 3477 756 3528 et
778 3488 875 3536 aurae.
