2400 3878
394 181 538 230 vnncrur
553 181 677 230 sunum
694 182 730 230 xr
1000 169 1063 232 ete

58 338 219 401 succedunt
236 344 344 408 matres
366 343 395 397 et
409 336 550 415 templum
571 344 638 397 ture
658 346 799 415 vaporant

58 429 87 484 et
105 429 230 482 maestas
251 419 308 480 alto
329 418 454 481 fundunt
475 420 511 481 de
532 419 633 480 limine
651 437 752 480 voces:

58 507 262 584 ‘armipotens
283 521 402 582 praeses
425 502 503 574 belli,
525 503 656 564 Tritonia
678 504 769 582 virgo,

57 589 161 668 frange
181 605 270 649 manu
292 586 381 648 telum
404 585 522 666 Phrygii
539 587 696 665 praedonis
719 593 748 648 et
768 588 862 665 ipsum

58 691 186 752 pronum
207 678 305 737 sterne
323 669 385 730 solo
407 671 558 748 portisque
578 670 695 741 aliunde
715 671 769 730 sub
791 669 873 731 altis!

59 756 185 834 cingitur
207 756 270 833 ipse
291 753 392 815 lureus
415 755 546 815 certatim
567 755 597 814 in
616 752 728 833 proelia
747 752 874 815 Turnus.

58 841 176 917 iamque
198 837 270 899 adeo
288 835 408 898 rutilum
430 837 550 898 tbcraoa
567 837 685 898 indutus
702 839 783 898 aenis

59 921 201 984 horrebat
221 922 348 1001 squamis
369 939 512 1000 surasque
535 920 692 982 incluserat
714 938 796 989 auro,

60 1014 193 1084 tempora
213 1004 309 1066 nudus
330 1004 434 1074 adbuc,
456 1004 599 1083 laterique
620 1006 786 1065 accinxerat
808 1023 906 1066 ensem

60 1088 249 1168 fulgebatque
270 1087 326 1150 alta
348 1089 510 1150 decurrens
533 1106 639 1149 aureus
659 1107 736 1158 aree,

61 1172 227 1253 exultatque
249 1172 353 1236 antuus
375 1181 403 1233 et
423 1190 476 1252 spe
497 1174 555 1233 iam
574 1172 718 1251 praecipit
739 1172 867 1234 hostem:

61 1256 152 1336 qualis
174 1256 224 1317 ubi
242 1255 376 1336 abruptis
398 1257 472 1332 fugit
493 1260 666 1337 praesaepia
688 1257 792 1321 vinclis

60 1341 178 1402 tandem
199 1339 273 1401 liber
295 1359 365 1400 ecus
384 1358 546 1418 campoque
568 1344 678 1419 potitus
700 1348 803 1418 aperto

61 1433 110 1487 aut
130 1424 179 1485 ille
197 1425 226 1484 in
248 1431 348 1502 pastus
367 1431 557 1500 armentaque
578 1423 669 1482 tendit
690 1439 832 1501 equarum

60 1517 112 1570 aut
133 1508 270 1569 adsuetus
291 1524 383 1585 aquae
405 1506 541 1583 perfundi
562 1504 681 1564 flumine
698 1512 769 1565 noto

62 1593 165 1666 emicat
190 1591 371 1667 arrectisque
393 1589 490 1648 lremit
513 1586 676 1659 cervicibus
697 1586 754 1647 alte

33 1681 35 1686 '
60 1675 220 1743 luxurians,
238 1672 401 1750 luduntque
421 1671 508 1732 iubae
529 1687 583 1747 per
606 1669 689 1740 colla,
712 1688 767 1748 per
788 1689 895 1733 armos.

62 1759 145 1819 obvia
168 1759 215 1817 cui
233 1755 405 1816 Volscorum
428 1755 490 1814 acie
509 1755 663 1814 comitante
687 1753 805 1815 Camilla

62 1842 191 1902 occurrit
211 1841 363 1918 portisque
385 1838 421 1899 ab
443 1856 518 1918 equo
541 1839 642 1916 regina
664 1838 718 1898 sub
737 1839 808 1918 ipsis

62 1923 185 1995 desiluit,
205 1941 292 2002 quam
313 1931 372 1984 tota
395 1922 501 1983 cohors
521 1923 630 1984 imitata
652 1922 759 1984 relictis

61 2010 99 2071 ad
120 2018 229 2068 terram
253 2007 373 2068 delluxit
395 2007 493 2086 equis;
516 2014 579 2068 tum
600 2006 666 2067 talia
691 2007 784 2068 latur:

63 2093 188 2162 ‘Turne
211 2093 257 2152 sul
281 2094 386 2153 merito
405 2093 488 2169 sl'qua
512 2099 556 2151 est
577 2090 683 2152 fiducia
703 2091 779 2159 lorti,

62 2176 155 2237 audeo
176 2184 206 2237 et
225 2177 394 2237 Aeneadum
415 2175 553 2255 promitto
575 2193 735 2236 occurrere
757 2184 872 2248 turmae

62 2258 182 2339 solaque
203 2259 372 2340 Tyrrhenos
395 2260 507 2338 equites
529 2261 573 2320 ire
591 2259 675 2330 obuia
699 2265 810 2319 contra.

62 2362 110 2404 me
131 2345 193 2405 sine
213 2345 308 2423 prima
328 2361 417 2411 manu
436 2350 581 2419 temptare
602 2342 732 2420 pericula
751 2340 820 2402 belli

62 2436 95 2487 tu
115 2428 205 2505 pedes
225 2426 261 2486 ad
282 2444 383 2487 muros
406 2425 532 2486 subsiste
550 2432 580 2484 et
600 2427 715 2485 moenia
739 2424 841 2484 serva’

63 2510 182 2571 Turnus
205 2510 241 2570 ad
263 2509 345 2578 baec,
369 2507 469 2568 oculos
490 2506 639 2568 horrenda
659 2508 688 2565 in
709 2507 822 2582 virgine
844 2505 932 2564 fixus:

66 2603 97 2653 ὀ
119 2594 208 2653 decus
227 2591 326 2652 ltaliae
347 2591 438 2668 virgo,
462 2606 533 2668 quas
553 2589 651 2649 dicere
673 2597 771 2665 grates

64 2693 172 2755 quasve
193 2674 308 2735 referre
328 2673 450 2753 parem?
472 2671 523 2734 sed
544 2688 632 2740 nunc,
657 2679 700 2733 est
720 2671 815 2731 omnia
837 2670 953 2748 quando

64 2761 120 2819 iste
138 2759 253 2818 animus
271 2775 387 2836 supera,
407 2773 524 2817 mecum
541 2755 652 2835 partire
675 2753 816 2816 laborem.

64 2844 186 2912 Aeneas,
212 2849 245 2901 ut
267 2842 343 2902 lama
360 2840 447 2902 fldem
469 2839 608 2918 missique
630 2846 782 2918 reportant

66 2925 275 3003 exploratores,
299 2926 429 3006 equitum
449 2921 521 2984 levia
542 2924 685 3002 inprobus
706 2942 787 2984 arum

65 3011 223 3088 praemisit,
247 3017 402 3089 quaterent
419 3025 553 3086 campos;
573 3008 636 3086 ipse
653 3007 745 3069 ardua
767 3009 875 3068 montis

66 3113 120 3173 per
139 3093 253 3155 deserta
273 3096 341 3171 iugo
362 3110 504 3172 superans
522 3092 657 3153 adventat
678 3092 715 3153 ad
733 3091 847 3152 urbem.

49 3178 142 3247 ¹lurta
163 3195 235 3254 paro
255 3176 324 3239 belll
345 3194 473 3238 convexo
494 3177 525 3235 ln
547 3178 663 3237 tramite
684 3176 780 3247 silvae,

67 3274 98 3322 ut
119 3260 211 3321 bivias
232 3270 344 3322 armato
366 3260 499 3322 obsidam
520 3259 611 3321 milite
633 3261 741 3320 lauces.

66 3354 99 3406 tu
119 3344 305 3423 Tyrrhenum
327 3345 454 3426 equitem
478 3343 599 3404 conlatis
622 3343 723 3419 excipe
742 3342 848 3418 signls;

67 3438 164 3491 tecum
188 3446 255 3490 acer
277 3429 428 3506 Messapus
451 3428 505 3489 erit
526 3433 698 3504 turmaeque
719 3425 837 3486 Latinae
