2400 3878
154 176 194 238 52
474 187 614 234 veneror
638 187 838 236 ononorcon

154 344 287 405 obicibus
308 346 401 422 ruptis
422 362 583 422 rursusque
605 347 633 403 in
655 362 686 404 se
708 345 770 422 ipsa
792 344 928 410 residant,

155 429 225 506 quid
247 434 358 488 tantum
381 427 498 488 Oceano
521 435 680 504 properent
701 445 733 487 se
754 429 887 505 tinguere
908 425 984 487 soles

154 511 285 579 hiberni,
308 511 353 571 rel
375 530 450 589 quae
471 512 561 571 tardis
583 529 665 570 mora
688 510 822 571 noctibus
845 516 947 588 opstet.

154 595 200 654 siu
222 595 274 654 has
296 612 332 654 ne
354 596 463 671 possim
485 601 606 655 naturae
628 594 769 654 accedere
790 595 881 671 partis

155 678 277 755 frigidus
299 680 442 755 opstiterit
464 679 574 738 circum
597 677 767 754 praecordia
789 677 921 754 sanguis:

155 778 224 821 rura
248 761 318 820 mihi
341 769 369 820 et
390 763 466 837 rigui
488 760 622 838 placeant
641 762 670 820 in
691 759 812 820 vallibus
832 777 941 827 amnes,

155 843 274 904 llumina
297 862 391 903 amem
414 844 557 922 silvasque
579 843 728 921 inglorius.
767 843 856 904 oubi
879 843 973 920 campi

156 926 380 1005 Spercheosque
402 937 430 987 et
451 927 612 1004 virginibus
634 927 773 987 bacchata
796 927 934 986 Lacaenis

155 1008 299 1087 Taygeta,
323 1029 340 1069 o
363 1011 412 1089 qui
433 1029 481 1071 me
503 1010 605 1087 gelidis
627 1009 804 1070 convallibus
826 1011 926 1070 llaemi

155 1095 250 1163 sistat,
274 1101 302 1154 et
323 1095 433 1172 ingenti
454 1112 604 1155 ramorum
627 1101 762 1171 protegat
783 1093 900 1154 umbra!

155 1177 239 1246 felix,
263 1179 311 1256 qui
333 1178 427 1255 potuit
447 1196 548 1238 rerum
570 1195 748 1255 cognoscere
770 1195 896 1245 caussas,

158 1271 245 1339 atque
267 1268 361 1322 metus
384 1264 477 1320 omnis
500 1270 529 1321 et
549 1259 727 1321 inexorabile
750 1260 840 1320 iatum
947 1264 952 1269 “

156 1345 280 1405 subiecit
301 1343 424 1422 pedibus
445 1346 656 1423 strepitumque
677 1344 850 1404 Acherontis
871 1345 958 1402 arari.

156 1430 320 1490 fortunatus
342 1435 370 1488 et
391 1427 454 1498 ille,
476 1428 547 1489 deos
569 1430 618 1506 qui
640 1427 718 1506 norit
739 1427 870 1505 agrestis,

156 1513 294 1591 Panaque
316 1510 522 1591 Silvanumque
543 1530 643 1572 senem
666 1511 865 1590 nymphasque
887 1527 1013 1571 sorores.

156 1596 237 1656 illum
260 1613 318 1655 non
341 1595 440 1674 populi
462 1597 571 1665 fasces,
594 1614 652 1655 non
676 1613 805 1672 purpura
828 1609 931 1669 regum

156 1679 237 1739 llexit
259 1687 287 1738 et
309 1680 412 1739 infidos
435 1682 546 1757 agitans
568 1680 711 1739 discordia
734 1678 840 1738 iratres

157 1771 207 1823 aut
228 1762 379 1821 coniurato
401 1762 582 1823 descendens
604 1762 699 1822 Dacus
720 1761 756 1821 ab
779 1760 885 1828 llistro,

157 1863 216 1906 non
238 1862 287 1904 res
309 1844 457 1905 Romanae
478 1847 665 1923 perituraque
687 1862 792 1921 regna,
815 1862 909 1920 neque
931 1842 980 1904 ille

158 1936 207 1989 aut
229 1926 320 1987 doluit
341 1929 483 1988 miserans
504 1930 622 2006 inopem
644 1936 694 1988 aut
715 1928 814 1987 invidit
835 1926 961 1987 habenti.

158 2029 231 2090 quos
252 2012 326 2071 rami
348 2012 475 2081 tructus,
498 2029 572 2090 quos
593 2014 655 2089 ipsa
677 2009 801 2070 volentia
822 2029 892 2071 rura

157 2104 262 2173 sponte
282 2093 376 2156 tulere
398 2114 465 2164 sua,
489 2097 610 2173 carpsit,
633 2114 688 2156 nec
710 2095 806 2155 ferrea
828 2096 891 2154 iura

157 2180 350 2256 insanumque
371 2180 467 2240 iorum
490 2187 540 2262 aut
561 2178 662 2258 populi
682 2177 824 2240 tabularia
846 2179 924 2238 vidit.
1027 2206 1030 2211 »

157 2261 312 2322 sollicitant
333 2261 380 2322 alii
401 2265 490 2323 remis
512 2264 586 2324 freta
608 2281 709 2331 caeca,
731 2269 877 2340 ruuntque

159 2346 189 2406 in
213 2345 339 2415 icrrum,
362 2354 516 2423 penetrant
537 2346 618 2408 aulas
640 2354 668 2406 et
688 2346 786 2405 limina
808 2364 926 2422 regum;

158 2431 206 2490 nic
228 2429 300 2506 petit
322 2428 440 2489 excidiis
462 2430 566 2491 urbem
588 2431 768 2508 miserosque
791 2431 911 2508 penatis,

158 2520 191 2574 ut
213 2531 325 2591 gemma
348 2512 429 2574 bibet
450 2522 479 2576 et
502 2515 629 2576 Sarrano
651 2514 776 2574 dormiat
798 2519 892 2581 ostro;

159 2597 257 2656 condit
279 2615 349 2674 opes
371 2596 445 2658 alius
466 2598 641 2677 defossoque
662 2597 781 2657 incubat
802 2615 889 2665 auro;

159 2680 206 2741 hic
227 2688 325 2758 stupet
347 2683 485 2743 attonitus
506 2685 626 2750 rostris;
649 2681 727 2741 hunc
749 2680 868 2758 plausus
890 2680 1018 2742 hiantem

161 2781 213 2842 per
236 2781 344 2823 cuneos
365 2767 528 2840 geminatus
550 2768 627 2826 enim
649 2763 800 2842 plebisque
821 2772 994 2843 patrumque

160 2847 315 2923 corripuit;
338 2846 466 2922 gaudent
486 2849 597 2924 pertusi
618 2847 758 2921 sanguine
780 2847 913 2918 fratrum,

160 2927 303 3006 exilioque
325 2929 428 2989 domos
449 2938 478 2991 et
499 2930 594 2991 dulcia
615 2931 712 2990 limina
735 2937 848 2990 mutant

160 3019 246 3090 atque
269 3010 325 3071 alio
346 3015 469 3089 patriam
492 3021 636 3092 quaerunt
657 3012 711 3072 sub
735 3012 796 3073 sole
818 3015 969 3077 iacentem.

160 3094 287 3172 agricola
309 3095 431 3157 incurro
453 3105 562 3158 terram
586 3099 703 3158 dimovit
725 3104 837 3159 aratro:

160 3178 208 3239 hic
230 3179 297 3238 anni
319 3177 417 3250 labor,
440 3181 508 3241 hinc
530 3185 653 3260 patriam
675 3200 838 3260 parvosque
860 3194 980 3261 penates

160 3263 296 3330 sustinet,
315 3261 383 3323 hinc
399 3273 529 3327 armenta
552 3266 641 3327 boum
660 3268 837 3343 meritosque
860 3269 1008 3328 iuvencos.

160 3362 216 3406 nec
237 3347 367 3425 requies,
391 3351 460 3427 quin
484 3358 533 3410 aut
553 3352 647 3428 pomis
669 3349 808 3410 exuberet
829 3368 923 3410 annus

163 3437 212 3490 aut
234 3430 294 3489 ietu
315 3447 457 3507 pecorum
478 3441 528 3495 aut
550 3433 675 3494 Cerealis
697 3435 820 3509 mergite
841 3433 938 3501 culmi,
