2400 3878
389 240 535 290 venerer
556 241 681 290 essars
706 244 742 290 xi
1000 230 1061 292 313

55 402 166 479 antiqui
188 399 318 467 Ausonii,
341 415 417 475 quae
435 414 487 456 vos
509 395 624 456 tonuna
646 395 760 475 quietos

54 481 190 545 sollicitat
210 482 370 560 suadetque
391 483 489 558 ignota
510 479 655 541 lacessere
676 478 772 541 bellai

56 567 232 647 quicumque
254 564 356 625 lliacos
373 565 455 625 terro
476 563 647 624 violavimus
669 581 757 640 agros
1012 571 1064 622 ²55

56 652 148 729 (mitto
172 669 214 718 ea,
236 667 310 730 quae
329 650 422 709 muris
443 646 580 708 bellando
607 647 747 707 exhausta
768 646 823 707 sub
846 646 918 716 altis,

56 752 129 814 quos
148 733 254 794 Simois
275 740 389 811 premat
410 730 458 792 ille
478 731 576 809 viros),
596 730 713 790 infanda
735 748 790 809 per
811 729 914 791 orbem

56 817 197 897 supplicia
221 825 249 878 et
269 815 414 877 scelerum
436 831 547 895 poenas
569 814 760 891 expendimus
782 831 893 883 omnes,

58 901 103 961 vel
120 902 239 961 Priamo
261 899 426 961 miseranda
448 915 567 959 manus:
590 899 645 959 scit
665 899 749 958 triste
770 897 917 959 blinervae

59 985 139 1045 sidus
162 993 189 1044 et
210 983 356 1045 Euboicae
379 990 479 1043 cautes
497 981 634 1059 ultorque
654 981 830 1060 Caphereus.

57 1067 157 1129 militia
181 1086 217 1128 ex
237 1068 285 1128 illa
303 1068 449 1128 diversum
468 1065 505 1126 ad
526 1064 594 1127 litus
611 1064 706 1126 abacti

60 1152 172 1212 dtrides
193 1153 292 1212 Protei
312 1150 462 1212 Menelaus
479 1150 610 1231 adusque
632 1148 783 1210 columnas

59 1235 164 1300 exulat,
188 1235 330 1296 Aetnaeos
349 1235 419 1294 vidit
441 1232 582 1312 Cyclopas
599 1233 707 1295 Ulixes.

58 1319 121 1396 ipse
140 1318 313 1395 blycenaeus
331 1334 506 1393 magnorum
528 1318 632 1377 ductor
650 1317 789 1376 Achivom

60 1402 192 1475 coniugis
211 1400 347 1460 infandae
368 1401 463 1477 prima
484 1400 559 1459 inter
580 1398 678 1458 limina
701 1401 802 1459 dextra
852 1454 861 1463 ,

60 1485 196 1562 oppetiit:
218 1483 361 1543 dedctam
378 1481 475 1540 taram
492 1480 623 1542 subsedit
643 1480 766 1540 adulter.

60 1585 150 1644 regna
170 1565 353 1646 Neoptolemi
373 1565 502 1625 referam
523 1580 681 1641 versosque
703 1570 823 1642 penates

59 1650 225 1712 Idomenei?
245 1650 393 1728 libycone
414 1647 570 1707 habitantis
591 1645 676 1707 litore
697 1646 825 1706 Locrost

62 1734 196 1794 invidisse
217 1734 304 1803 deos·
319 1733 421 1811 patriis
442 1739 475 1791 ut
496 1729 627 1802 redditus
648 1730 708 1795 aris,

60 1819 226 1895 coniugium
247 1824 377 1896 optatum
400 1823 430 1877 et
451 1813 605 1899 pulchram
627 1812 772 1892 Calydona
794 1812 942 1874 riderem?

59 1903 244 1962 nuncetiam
266 1898 400 1961 horribili
421 1900 484 1961 visu
501 1904 638 1977 portenta
659 1905 807 1966 secuntur,

60 1993 89 2045 et
110 1985 182 2045 socii
203 1985 301 2045 amissi
321 1985 467 2063 petierunt
489 1982 608 2044 aethera
629 1982 726 2061 pinnis

63 2068 289 2149 fluminibusque
308 2075 450 2145 vagantur
473 2085 539 2128 ares
560 2065 628 2146 (heu
647 2066 710 2126 dira
731 2082 866 2126 meorum

61 2152 226 2232 supplicial}
247 2161 276 2214 et
295 2151 432 2231 scopulos
453 2150 615 2212 lacrimosis
632 2148 753 2210 vocibus
773 2147 904 2227 implent.

62 2234 134 2297 haec
153 2236 226 2297 adeo
247 2256 281 2298 ex
303 2234 351 2297 illo
372 2235 442 2296 mihi
464 2236 522 2295 iam
540 2233 684 2313 speranda
703 2232 823 2294 luerunt

61 2327 203 2399 tempore,
226 2339 293 2381 cum
315 2320 394 2380 lerro
417 2318 552 2380 caelestia
575 2333 701 2395 corpora
723 2317 844 2376 demens

62 2403 168 2483 adpetii
188 2412 216 2465 et
239 2403 360 2465 Veneris
378 2402 481 2462 violari
501 2399 621 2460 volnere
643 2398 786 2459 dextram.

61 2505 99 2547 ne
121 2504 201 2561 vero,
224 2505 261 2546 ne
282 2505 330 2546 me
352 2485 389 2545 ad
410 2482 474 2543 talis
494 2480 623 2559 inpellite
644 2497 772 2557 pugnas:

63 2585 116 2630 uec
137 2570 209 2630 mihi
228 2587 295 2629 oum
319 2567 442 2627 Teucris
460 2565 552 2625 ullum
573 2571 640 2641 post
662 2571 744 2624 eruta
765 2560 875 2623 bellum

64 2653 213 2731 Pergama,
236 2669 291 2712 nec
309 2657 441 2711 veterum
463 2647 582 2709 memini
603 2645 732 2706 laetorve
752 2644 907 2705 malorum.

62 2753 194 2804 munera,
218 2752 292 2813 quae
313 2733 415 2814 patriis
437 2731 474 2792 ad
495 2749 544 2791 me
565 2730 687 2809 portatis
706 2729 742 2789 ab
765 2729 835 2798 oris,

62 2819 166 2880 vertite
184 2818 220 2879 ad
243 2820 370 2881 Aenean.
402 2815 535 2877 stetimus
554 2812 611 2874 tela
631 2829 734 2891 aspera
752 2818 854 2873 contra

64 2901 297 2983 contulimusque
314 2918 434 2963 manus:
457 2905 578 2977 experto
601 2897 720 2968 credite,
742 2904 868 2976 quantus

63 2987 92 3045 in
115 2984 240 3064 clipeum
263 2987 409 3065 adsurgat,
431 3003 490 3066 quo
510 2982 628 3044 turbine
648 2988 785 3062 torqueat
805 2980 926 3042 hastam.

64 3071 90 3127 sl
108 3069 166 3127 duo
187 3080 340 3146 praeterea
361 3069 426 3130 talis
447 3068 531 3130 idaea
551 3067 663 3128 tulisset

63 3159 141 3210 terra
164 3155 250 3223 viros,
268 3153 346 3214 ultro
363 3153 495 3214 lnaohias
514 3153 640 3214 venisset
661 3149 698 3210 ad
717 3149 807 3209 urbes

65 3233 225 3304 Dardanus,
246 3245 276 3295 et
295 3236 387 3296 versis
407 3235 522 3313 lugeret
543 3234 666 3295 Graecia
685 3233 761 3291 latis.

65 3317 206 3397 quidquld
227 3319 304 3397 apud
326 3318 418 3379 durae
440 3325 585 3379 cessatum
606 3322 650 3376 est
668 3314 785 3374 moenia
806 3311 922 3378 Troiae,

64 3401 198 3461 Hectoris
220 3404 393 3479 Aeneaeque
414 3419 503 3461 manu
525 3400 645 3461 victoria
667 3397 786 3459 Graium

65 3480 158 3545 haesit
180 3495 208 3546 et
224 3486 255 3547 in
278 3485 425 3547 decimum
444 3483 563 3560 vestigia
585 3479 698 3542 rettulit
718 3496 837 3540 annum.
