2400 3878
138 216 202 284 tto
467 229 611 279 ventum
632 231 757 282 annnrs
778 231 816 279 xr

178 383 214 445 Et
236 387 293 445 lam
316 384 405 447 Fama
427 384 541 455 volans,
565 386 636 447 tanti
657 387 832 465 praenuntia
854 385 958 453 tuctus.

123 467 305 529 »Euandrum
327 467 517 548 Euandrique
538 469 644 530 domos
667 478 696 529 et
717 471 833 531 moenia
854 469 961 549 replet.
1092 475 1145 534 lto

136 568 213 627 quae
235 551 323 611 modo
344 553 485 612 victorem
507 551 591 612 Latio
613 550 743 613 Pallanta
764 552 885 614 terebat.

138 634 264 695 Arcades
287 634 323 694 ad
344 644 445 712 portas
467 652 555 695 ruere
578 644 607 695 et
627 635 664 695 de
686 654 768 696 more
791 647 904 697 vetusto

136 718 274 777 funereas
295 733 421 795 rapuere
443 715 535 783 taces;
557 714 636 776 lucet
656 717 701 776 vla
722 715 810 793 longo

139 801 242 861 ordine
262 800 445 859 flammarum
467 807 495 859 et
515 797 572 859 late
593 799 774 859 discriminat
790 815 887 875 agros.

140 894 242 945 contra
263 883 350 944 turba
370 883 519 961 Phrygum
540 883 662 943 veniens
683 881 852 961 plangentia
869 882 961 960 iungit
1096 891 1149 943 tte

139 969 263 1043 agmina.
298 984 373 1045 quae
393 974 548 1044 postquam
569 976 677 1027 matres
699 966 859 1027 succedere
880 967 963 1028 tectis

139 1050 281 1121 viderunt,
304 1056 444 1110 maestam
465 1048 626 1110 incendunt
647 1047 824 1110 clamoribus
842 1049 956 1110 urbem.

138 1145 167 1194 at
187 1150 246 1193 non
268 1133 438 1193 Euandrum
460 1134 536 1210 potis
558 1142 603 1194 est
624 1133 667 1192 vis
688 1131 747 1193 ulla
768 1142 880 1203 tenere,

138 1216 190 1278 aed
215 1218 341 1278 venitin
363 1215 484 1276 medios.
520 1216 630 1276 leretro
646 1214 777 1276 Pallanta
799 1224 917 1296 reposto

137 1300 296 1378 procubuit
318 1317 407 1377 super
425 1307 512 1377 atque
528 1299 630 1361 haeret
645 1298 860 1380 lacrimansque
877 1317 1064 1379 gemensque,
1095 1309 1148 1362 150
1177 1367 1184 1375 ,

138 1394 167 1446 et
188 1386 232 1446 via
249 1385 295 1445 rix
316 1383 433 1444 tandem
457 1384 521 1443 roei
542 1383 637 1444 laxata
659 1383 796 1444 dolorest.

138 1478 213 1529 ‘non
234 1468 316 1538 haec,
339 1486 356 1526 o
376 1465 464 1538 Palla,
486 1466 610 1529 dederas
630 1469 774 1546 promissa
794 1468 917 1546 parenti,

136 1554 251 1614 cautius
269 1560 301 1614 ut
321 1570 406 1613 saevo
427 1549 514 1612 velles
536 1561 565 1612 te
585 1552 707 1612 credere
727 1551 827 1613 diarii:

137 1635 208 1696 haut
229 1637 347 1713 ignarus
369 1653 459 1705 eram,
483 1645 625 1715 quantum
647 1653 721 1695 nova
738 1634 830 1713 gloria
849 1634 880 1694 in
902 1634 991 1695 armis

138 1729 166 1780 et
187 1719 346 1798 praedulce
368 1718 458 1780 decus
479 1721 575 1796 primo
598 1721 756 1780 certamine
777 1727 885 1798 posset.
1095 1725 1147 1779 lta

136 1803 280 1881 primitiae
302 1804 413 1863 iuvenis
434 1804 560 1863 miserae
579 1801 707 1880 bellique
728 1802 886 1882 propinqui

137 1887 210 1946 dura
230 1886 393 1947 rudimenta
417 1895 446 1945 et
467 1884 538 1946 nulli
561 1885 695 1946 exaudita
718 1885 842 1946 deorum

136 1979 200 2029 tota
222 1986 384 2047 precesque
404 1969 503 2029 meae!
525 1978 625 2047 tuque,
648 1987 665 2027 o
687 1970 867 2029 sanctissima
890 1969 1027 2038 coniunx,

135 2052 203 2113 felix
225 2062 319 2113 morte
338 2061 387 2111 tua
408 2069 504 2130 neque
525 2053 554 2112 in
576 2051 656 2112 hunc
674 2060 787 2112 servata
810 2051 956 2112 dolorem!

136 2145 237 2197 contra
260 2154 314 2214 ego
335 2135 456 2201 vivendo
476 2136 531 2197 viel
552 2154 617 2196 mea
638 2136 705 2206 lata,
728 2144 878 2214 superstes
1093 2143 1147 2198 lto

135 2228 278 2281 restarem
299 2227 331 2280 ut
353 2221 476 2296 genitor.
510 2219 622 2280 Troum
641 2221 720 2280 socia
742 2237 822 2280 arma
844 2227 977 2280 secutum

135 2303 296 2364 obruerent
316 2301 415 2365 Rutuli
436 2302 515 2364 telis!
537 2304 662 2364 animam
683 2304 748 2382 lpse
770 2303 915 2365 dedissem

135 2396 222 2466 atque
245 2388 318 2448 haec
337 2405 444 2468 pompa
467 2387 587 2449 domum
608 2407 665 2459 me,
687 2406 748 2448 non
769 2386 908 2458 Pallanta,
930 2386 1056 2449 referret

134 2490 190 2533 nec
212 2490 262 2531 vos
283 2472 439 2549 arguerim,
460 2471 576 2540 Teucri,
595 2489 650 2533 nec
673 2473 793 2533 foedera
811 2490 866 2533 nee
888 2487 960 2550 quas

134 2556 281 2617 iunximus
307 2555 433 2636 hospitio
455 2556 586 2618 dextras:
609 2574 674 2616 sora
694 2558 748 2618 ista
766 2564 900 2617 senectae
1092 2561 1147 2615 too

135 2639 233 2700 delita
256 2649 319 2701 erat
340 2649 466 2701 nostrae.
500 2640 578 2719 quod
598 2641 623 2700 si
641 2643 786 2702 inmatura
806 2637 941 2700 manebat

134 2742 214 2784 mors
237 2734 365 2799 gnatum,
389 2725 480 2784 caesis
501 2722 672 2785 Volscorum
694 2723 812 2785 milibus
833 2732 899 2784 ante

135 2807 289 2868 ducentem
310 2809 340 2867 in
360 2807 472 2867 Latium
493 2806 623 2869 Teucros
645 2807 784 2869 cecidisse
805 2805 922 2867 iuvabit.

136 2890 207 2969 quin
230 2906 285 2966 ego
306 2907 366 2949 non
389 2889 445 2949 alio
466 2890 571 2967 digner
591 2898 621 2950 te
643 2892 755 2959 funere,
777 2888 865 2958 Palla,

136 2990 224 3048 quam
244 2973 310 3050 pius
331 2973 443 3032 deneas
451 2967 494 3050 [et
515 2990 603 3049 quam
621 2974 720 3050 magni
741 2971 870 3049 Phryges
890 2982 918 3031 et
941 2988 1029 3049 quam
1091 2977 1146 3030 l'to

135 3054 341 3134 Tyrrhenique
364 3053 463 3122 duces,
487 3053 671 3130 Tyrrhenum
694 3055 839 3115 exercitus
861 3055 982 3139 omnis]

135 3156 241 3217 magna
259 3147 379 3216 tropaea
401 3136 508 3206 lerunt,
531 3155 605 3216 quos
623 3137 672 3198 dat
693 3146 742 3198 tua
763 3138 881 3198 dextera
900 3137 987 3199 Leto:

133 3232 166 3283 tu
188 3239 305 3301 quoque
326 3238 405 3283 nunc
426 3231 519 3281 stares
539 3222 665 3281 inmanis
685 3230 809 3282 truncus
827 3222 858 3282 in
880 3222 979 3292 armis,

134 3316 211 3367 esset
231 3324 284 3384 par
306 3313 384 3367 aetas
407 3313 435 3366 et
456 3305 534 3366 idem
555 3305 579 3364 si
602 3304 692 3365 robur
712 3305 749 3377 ah
770 3306 860 3376 annis,

134 3387 245 3450 Turne.
278 3389 330 3451 aed
352 3388 451 3450 infelix
473 3389 604 3449 Teucros
626 3389 695 3466 quid
721 3388 858 3450 demoror
878 3390 966 3450 armis
1093 3397 1145 3449 tas

133 3472 227 3534 vadite
250 3481 279 3534 et
298 3474 372 3534 haec
393 3490 539 3534 memores
561 3472 625 3550 regi
646 3472 780 3534 mandata
802 3472 928 3533 referte:
