2400 3878
535 211 658 259 CULEX.

94 371 278 467 pinguntquo
300 365 435 427 aureolos
457 366 541 426 viridi
562 364 674 443 pallore
697 365 859 462 corymbos,

96 453 160 532 qrris
182 450 284 510 aderat
305 452 411 511 veteris
433 457 545 529 myrtus
567 468 627 509 non
649 449 748 508 nescia
770 448 831 510 fati.

96 536 141 595 bis
163 533 283 594 suberat
271 533 407 612 igelidis
429 552 551 594 manans
574 552 590 593 e
612 531 741 593 sontibus
762 532 849 602 unda,

97 637 170 698 quae
192 617 304 677 levibus
326 617 474 696 placidum
496 619 565 678 rivis
587 623 672 677 sonat
693 624 757 676 acta
778 615 935 694 liquorum.

97 709 125 762 at
147 700 281 762 uolucres
303 701 409 780 pandis
431 701 594 761 residentes
616 700 712 761 dulcia
734 701 824 760 ramis

97 785 228 845 carmina
249 803 304 864 per
327 786 420 844 varios
442 784 533 844 edunt
553 784 722 845 resonantia
744 789 862 851 cantus:

98 877 126 927 et
148 885 263 945 quaqua
285 870 416 946 geminas
438 869 534 928 avium
556 886 611 927 vox
633 867 778 946 obstrepit
799 884 893 935 aures,

98 953 152 1010 hac
174 952 311 1029 querulas
334 953 468 1014 referunt
489 969 575 1012 voces
597 953 663 1029 quis
685 951 784 1010 nantia
806 949 876 1010 limo

98 1052 222 1111 corpora
245 1034 364 1115 lympha
386 1036 477 1106 soret3
500 1037 613 1096 sonitus
635 1033 686 1095 alit
707 1035 784 1095 aeris
806 1034 889 1102 echo,

99 1120 209 1192 argutis
231 1127 261 1178 et
281 1126 387 1181 cuncta
410 1120 540 1180 fremunt
562 1119 679 1179 arbusta
703 1117 820 1178 cicadis

99 1209 128 1260 at
150 1203 228 1262 circa
251 1204 359 1281 passim
382 1203 476 1265 fessae
499 1203 628 1264 cubuere
650 1199 780 1280 capellae

99 1282 222 1343 excelsis
244 1285 345 1346 subter
367 1285 476 1357 dumis,
500 1306 573 1366 quos
595 1286 702 1347 leniter
724 1284 835 1345 adflans

100 1384 169 1426 aura
192 1370 371 1428 susurrantis
392 1371 488 1447 poscit
511 1369 692 1429 confundere
714 1369 801 1428 renti.

140 1450 257 1519 Pastor,
280 1459 313 1509 ut
335 1450 371 1511 ad
393 1450 504 1510 sontem
527 1451 617 1511 densa
638 1452 781 1529 requievit
801 1451 833 1509 in
854 1449 967 1519 umbra,

100 1536 200 1594 mitem
223 1534 357 1610 concepit
377 1534 527 1612 proiectus
548 1532 682 1593 membra
703 1550 849 1610 soporem,

100 1618 203 1677 anxius
224 1615 337 1677 insidiis
359 1615 460 1686 nullis,
484 1616 536 1676 sed
551 1616 647 1675 lentus
668 1616 700 1674 in
722 1614 823 1674 herbis

101 1718 204 1761 securo
226 1717 344 1779 pressos
366 1717 470 1762 somno
492 1699 750 1759 mandaveratt
704 1705 750 1758 art
750 1717 798 1758 us:

100 1792 207 1844 stratus
229 1784 312 1844 humi
335 1783 450 1844 dulcem
473 1782 607 1862 capiebat
629 1781 718 1842 corde
739 1782 876 1860 quietem,

100 1870 132 1928 ni
152 1868 213 1928 iors
233 1869 363 1928 incertos
385 1867 516 1928 iussisset
538 1866 645 1926 ducere
668 1884 760 1926 casus.

101 1970 169 2012 nam
191 1950 308 2011 solitum
330 1951 448 2012 volvens
471 1949 507 2010 ad
529 1957 645 2029 tempus
667 1949 809 2010 tractibus
829 1949 923 2010 isdem

101 2036 237 2096 immanis
258 2036 339 2094 vario
361 2033 523 2095 maculatus
545 2052 669 2112 corpore
691 2050 823 2112 serpens,

63 2198 65 2200 Ι
101 2137 215 2179 mersus
237 2127 269 2179 ut
290 2120 321 2178 in
343 2117 412 2178 limo
435 2133 541 2196 magno
564 2117 731 2180 subsideret
752 2125 843 2183 aestu,

102 2202 185 2262 obvia
207 2202 333 2262 vibranti
355 2221 480 2281 carpens
503 2203 598 2281 gravis
621 2220 672 2262 ore
694 2201 834 2278 trilingui,

101 2303 272 2364 squamosos
294 2285 352 2345 late
374 2286 529 2365 torquebat
551 2285 679 2346 motibus
701 2285 802 2344 orbes:

102 2367 256 2427 mollibant
278 2386 367 2427 aurae
389 2371 532 2428 venientis
554 2368 673 2428 flamina
695 2369 785 2427 nisus.

102 2452 160 2510 iam
183 2451 276 2526 magis
298 2457 385 2528 atque
407 2453 500 2527 magis
523 2468 630 2527 corpus
645 2447 807 2509 revolubile
829 2447 946 2508 volvens

102 2531 207 2593 attollit
228 2531 328 2591 nitidis
350 2539 452 2610 pectus
474 2531 653 2609 fulgoribus,
677 2549 746 2591 ecce

102 2615 221 2675 sublimi
243 2615 356 2674 ceruice
379 2623 480 2693 caput,
503 2616 550 2675 cui
572 2615 660 2675 crista
682 2631 809 2692 superne

103 2699 180 2758 edita
201 2716 352 2777 purpureo
374 2696 476 2758 lucens
497 2700 621 2758 iactatur
644 2699 761 2766 amictu,

103 2788 281 2861 aspectuque
303 2782 413 2841 micant
434 2782 619 2842 flammarum
641 2780 752 2842 lumina
774 2787 867 2841 torvo.

103 2868 230 2927 nictatur
250 2865 308 2927 late
331 2866 442 2926 circum
465 2866 542 2936 iera,
566 2883 634 2926 cum
656 2864 734 2926 videt
755 2865 860 2942 ingens

104 2949 258 3011 adversum
281 2949 424 3011 recubare
447 2949 551 3010 ducem
574 2951 681 3028 gregis.
704 2949 801 3010 acrior
821 2950 911 3010 instat

103 3034 213 3095 lumina
236 3033 403 3095 diffundens
424 3035 598 3113 intentuque
621 3034 705 3095 obvia
725 3041 809 3095 torvo

104 3119 216 3177 saevius
238 3120 383 3197 arripiens
404 3118 591 3187 infrendere,
615 3119 693 3198 quod
715 3136 767 3178 sua
789 3118 940 3195 quisquam

105 3198 140 3260 ad
162 3200 234 3259 vada
257 3203 393 3261 venisset.
416 3208 540 3262 naturae
563 3208 713 3280 comparat
735 3217 831 3259 arma:

105 3281 188 3341 ardet
209 3290 323 3352 mente,
346 3284 418 3343 furit
439 3283 630 3351 stridoribus,
653 3284 768 3341 intonat
789 3299 850 3347 ore,

105 3364 227 3423 [lenibus
250 3384 286 3424 en
307 3368 401 3426 versis
427 3374 581 3445 torquetur
599 3367 735 3441 corporis
757 3363 846 3430 orbis,

104 3453 224 3506 manant
244 3451 423 3524 sanguineae
445 3466 500 3526 per
523 3454 633 3509 tractus
654 3444 784 3522 undique
807 3453 916 3523 guttae
