<?xml version="1.0" encoding="UTF-8"?>
<!DOCTYPE html PUBLIC "-//W3C//DTD XHTML 1.0 Transitional//EN"
    "http://www.w3.org/TR/xhtml1/DTD/xhtml1-transitional.dtd">
<html xmlns="http://www.w3.org/1999/xhtml" xml:lang="en" lang="en">
 <head>
  <title>
</title>
<meta http-equiv="Content-Type" content="text/html;charset=utf-8" />
  <meta name='ocr-system' content='tesseract 3.04.00' />
  <meta name='ocr-capabilities' content='ocr_page ocr_carea ocr_par ocr_line ocrx_word'/>
</head>
<body>
  <div class='ocr_page' id='page_1' title='image "./operainusumscho00virggoog_0431.png"; bbox 0 0 2400 3878; ppageno 0'>
   <div class='ocr_carea' id='block_1_1' title="bbox 456 183 667 231">
    <p class='ocr_par' dir='ltr' id='par_1_1' title="bbox 456 183 667 231">
     <span class='ocr_line' id='line_1_1' title="bbox 456 183 667 231; baseline 0 -1"><span class='ocrx_word' id='word_1_1' title='bbox 456 183 667 231; x_wconf 74' lang='lat' dir='ltr'>GATALEOTA.</span> 
     </span>
    </p>
   </div>
   <div class='ocr_carea' id='block_1_2' title="bbox 550 406 597 466">
    <p class='ocr_par' dir='ltr' id='par_1_2' title="bbox 550 406 597 466">
     <span class='ocr_line' id='line_1_2' title="bbox 550 406 597 466; baseline 0 0"><span class='ocrx_word' id='word_1_2' title='bbox 550 406 597 466; x_wconf 83' lang='lat' dir='ltr'><strong>xl.</strong></span> 
     </span>
    </p>
   </div>
   <div class='ocr_carea' id='block_1_3' title="bbox 55 502 929 3498">
    <p class='ocr_par' dir='ltr' id='par_1_3' title="bbox 56 502 848 671">
     <span class='ocr_line' id='line_1_3' title="bbox 56 502 848 582; baseline -0.011 -10"><span class='ocrx_word' id='word_1_3' title='bbox 56 510 151 572; x_wconf 88' lang='lat' dir='ltr'><strong>Pauca</strong></span> <span class='ocrx_word' id='word_1_4' title='bbox 174 508 261 577; x_wconf 90' lang='lat' dir='ltr'><strong>mibi,</strong></span> <span class='ocrx_word' id='word_1_5' title='bbox 285 508 370 567; x_wconf 89' lang='lat' dir='ltr'><strong>niveo</strong></span> <span class='ocrx_word' id='word_1_6' title='bbox 392 504 443 565; x_wconf 87' lang='lat' dir='ltr'><strong>sed</strong></span> <span class='ocrx_word' id='word_1_7' title='bbox 467 524 526 565; x_wconf 93' lang='lat' dir='ltr'><strong>non</strong></span> <span class='ocrx_word' id='word_1_8' title='bbox 548 506 697 582; x_wconf 83' lang='lat' dir='ltr'><strong>incognita</strong></span> <span class='ocrx_word' id='word_1_9' title='bbox 720 502 848 572; x_wconf 85' lang='lat' dir='ltr'><strong>Phoebo,</strong></span> 
     </span>
     <span class='ocr_line' id='line_1_4' title="bbox 99 587 709 671; baseline -0.01 -19"><span class='ocrx_word' id='word_1_10' title='bbox 99 610 191 671; x_wconf 89' lang='lat' dir='ltr'><strong>pauca</strong></span> <span class='ocrx_word' id='word_1_11' title='bbox 213 592 285 651; x_wconf 88' lang='lat' dir='ltr'><strong>mihi</strong></span> <span class='ocrx_word' id='word_1_12' title='bbox 309 590 411 650; x_wconf 88' lang='lat' dir='ltr'><strong>doctae</strong></span> <span class='ocrx_word' id='word_1_13' title='bbox 434 589 521 647; x_wconf 90' lang='lat' dir='ltr'><strong>dicite</strong></span> <span class='ocrx_word' id='word_1_14' title='bbox 543 587 709 666; x_wconf 80' lang='lat' dir='ltr'><strong>Pegasides,</strong></span> 
     </span>
    </p>

    <p class='ocr_par' dir='ltr' id='par_1_4' title="bbox 56 671 926 835">
     <span class='ocr_line' id='line_1_5' title="bbox 56 671 926 750; baseline -0.006 -15"><span class='ocrx_word' id='word_1_15' title='bbox 56 678 150 735; x_wconf 81' lang='lat' dir='ltr'><strong>victor</strong></span> <span class='ocrx_word' id='word_1_16' title='bbox 172 674 266 743; x_wconf 87' lang='lat' dir='ltr'><strong>adest,</strong></span> <span class='ocrx_word' id='word_1_17' title='bbox 290 675 389 750; x_wconf 86' lang='lat' dir='ltr'><strong>magni</strong></span> <span class='ocrx_word' id='word_1_18' title='bbox 411 689 549 748; x_wconf 82' lang='lat' dir='ltr'><strong>magnum</strong></span> <span class='ocrx_word' id='word_1_19' title='bbox 573 672 662 731; x_wconf 90' lang='lat' dir='ltr'><strong>decus</strong></span> <span class='ocrx_word' id='word_1_20' title='bbox 684 687 753 730; x_wconf 89' lang='lat' dir='ltr'><strong>ecce</strong></span> <span class='ocrx_word' id='word_1_21' title='bbox 774 671 926 749; x_wconf 89' lang='lat' dir='ltr'><strong>triumphi,</strong></span> 
     </span>
     <span class='ocr_line' id='line_1_6' title="bbox 100 755 753 835; baseline -0.005 -19"><span class='ocrx_word' id='word_1_22' title='bbox 100 760 192 816; x_wconf 87' lang='lat' dir='ltr'><strong>victor</strong></span> <span class='ocrx_word' id='word_1_23' title='bbox 214 775 270 835; x_wconf 91' lang='lat' dir='ltr'><strong>qua</strong></span> <span class='ocrx_word' id='word_1_24' title='bbox 292 764 370 815; x_wconf 91' lang='lat' dir='ltr'><strong>terra</strong></span> <span class='ocrx_word' id='word_1_25' title='bbox 393 774 508 834; x_wconf 83' lang='lat' dir='ltr'><strong>quaque</strong></span> <span class='ocrx_word' id='word_1_26' title='bbox 529 760 631 833; x_wconf 90' lang='lat' dir='ltr'><strong>patent</strong></span> <span class='ocrx_word' id='word_1_27' title='bbox 652 755 753 823; x_wconf 90' lang='lat' dir='ltr'><strong>maria,</strong></span> 
     </span>
    </p>

    <p class='ocr_par' dir='ltr' id='par_1_5' title="bbox 57 839 812 1001">
     <span class='ocr_line' id='line_1_7' title="bbox 57 839 807 918; baseline -0.003 -19"><span class='ocrx_word' id='word_1_28' title='bbox 57 840 178 900; x_wconf 92' lang='lat' dir='ltr'><strong>horrida</strong></span> <span class='ocrx_word' id='word_1_29' title='bbox 201 839 372 899; x_wconf 80' lang='lat' dir='ltr'>barbaricae</span> <span class='ocrx_word' id='word_1_30' title='bbox 394 846 515 918; x_wconf 91' lang='lat' dir='ltr'><strong>portans</strong></span> <span class='ocrx_word' id='word_1_31' title='bbox 536 840 661 915; x_wconf 84' lang='lat' dir='ltr'><strong>insignia</strong></span> <span class='ocrx_word' id='word_1_32' title='bbox 683 854 807 915; x_wconf 83' lang='lat' dir='ltr'><strong>pugnae,</strong></span> 
     </span>
     <span class='ocr_line' id='line_1_8' title="bbox 100 921 812 1001; baseline -0.003 -19"><span class='ocrx_word' id='word_1_33' title='bbox 100 940 223 1000; x_wconf 85' lang='lat' dir='ltr'><strong>magnus</strong></span> <span class='ocrx_word' id='word_1_34' title='bbox 244 930 276 983; x_wconf 86' lang='lat' dir='ltr'><strong>ut</strong></span> <span class='ocrx_word' id='word_1_35' title='bbox 299 922 425 984; x_wconf 86' lang='lat' dir='ltr'><strong>Oenides</strong></span> <span class='ocrx_word' id='word_1_36' title='bbox 447 929 537 1001; x_wconf 91' lang='lat' dir='ltr'><strong>utque</strong></span> <span class='ocrx_word' id='word_1_37' title='bbox 559 921 704 1000; x_wconf 91' lang='lat' dir='ltr'><strong>superbus</strong></span> <span class='ocrx_word' id='word_1_38' title='bbox 726 921 812 999; x_wconf 82' lang='lat' dir='ltr'>Eryx,</span> 
     </span>
    </p>

    <p class='ocr_par' dir='ltr' id='par_1_6' title="bbox 58 1006 821 1167">
     <span class='ocr_line' id='line_1_9' title="bbox 58 1006 821 1084; baseline -0.001 -19"><span class='ocrx_word' id='word_1_39' title='bbox 58 1024 113 1066; x_wconf 91' lang='lat' dir='ltr'><strong>nec</strong></span> <span class='ocrx_word' id='word_1_40' title='bbox 134 1009 231 1066; x_wconf 91' lang='lat' dir='ltr'><strong>minus</strong></span> <span class='ocrx_word' id='word_1_41' title='bbox 251 1006 361 1067; x_wconf 88' lang='lat' dir='ltr'><strong>idcirco</strong></span> <span class='ocrx_word' id='word_1_42' title='bbox 384 1015 500 1065; x_wconf 91' lang='lat' dir='ltr'><strong>nostros</strong></span> <span class='ocrx_word' id='word_1_43' title='bbox 522 1022 696 1084; x_wconf 82' lang='lat' dir='ltr'><strong>expromere</strong></span> <span class='ocrx_word' id='word_1_44' title='bbox 719 1013 821 1064; x_wconf 90' lang='lat' dir='ltr'><strong>cantus</strong></span> 
     </span>
     <span class='ocr_line' id='line_1_10' title="bbox 99 1088 798 1167; baseline -0.003 -17"><span class='ocrx_word' id='word_1_45' title='bbox 99 1091 242 1151; x_wconf 83' lang='lat' dir='ltr'><strong>maximus</strong></span> <span class='ocrx_word' id='word_1_46' title='bbox 265 1097 294 1149; x_wconf 90' lang='lat' dir='ltr'><strong>et</strong></span> <span class='ocrx_word' id='word_1_47' title='bbox 315 1097 432 1150; x_wconf 91' lang='lat' dir='ltr'><strong>sanctos</strong></span> <span class='ocrx_word' id='word_1_48' title='bbox 454 1089 560 1167; x_wconf 83' lang='lat' dir='ltr'><strong>dignus</strong></span> <span class='ocrx_word' id='word_1_49' title='bbox 582 1090 658 1147; x_wconf 90' lang='lat' dir='ltr'><strong>inire</strong></span> <span class='ocrx_word' id='word_1_50' title='bbox 681 1088 798 1148; x_wconf 89' lang='lat' dir='ltr'><strong>choros.</strong></span> 
     </span>
    </p>

    <p class='ocr_par' dir='ltr' id='par_1_7' title="bbox 57 1172 880 1335">
     <span class='ocr_line' id='line_1_11' title="bbox 57 1172 880 1252; baseline -0.002 -19"><span class='ocrx_word' id='word_1_51' title='bbox 57 1173 114 1233; x_wconf 89' lang='lat' dir='ltr'><strong>boe</strong></span> <span class='ocrx_word' id='word_1_52' title='bbox 135 1175 233 1252; x_wconf 90' lang='lat' dir='ltr'><strong>itaqua</strong></span> <span class='ocrx_word' id='word_1_53' title='bbox 253 1175 377 1233; x_wconf 89' lang='lat' dir='ltr'><strong>insuetis</strong></span> <span class='ocrx_word' id='word_1_54' title='bbox 398 1175 491 1233; x_wconf 91' lang='lat' dir='ltr'><strong>iactor</strong></span> <span class='ocrx_word' id='word_1_55' title='bbox 513 1175 621 1250; x_wconf 84' lang='lat' dir='ltr'><strong>magis,</strong></span> <span class='ocrx_word' id='word_1_56' title='bbox 645 1174 769 1251; x_wconf 87' lang='lat' dir='ltr'><strong>optime,</strong></span> <span class='ocrx_word' id='word_1_57' title='bbox 794 1172 880 1238; x_wconf 91' lang='lat' dir='ltr'><strong>curis,</strong></span> 
     </span>
     <span class='ocr_line' id='line_1_12' title="bbox 100 1254 778 1335; baseline -0.001 -20"><span class='ocrx_word' id='word_1_58' title='bbox 100 1257 168 1335; x_wconf 88' lang='lat' dir='ltr'><strong>quid</strong></span> <span class='ocrx_word' id='word_1_59' title='bbox 192 1257 228 1316; x_wconf 92' lang='lat' dir='ltr'><strong>de</strong></span> <span class='ocrx_word' id='word_1_60' title='bbox 251 1264 279 1316; x_wconf 91' lang='lat' dir='ltr'><strong>te</strong></span> <span class='ocrx_word' id='word_1_61' title='bbox 301 1259 412 1334; x_wconf 91' lang='lat' dir='ltr'><strong>possim</strong></span> <span class='ocrx_word' id='word_1_62' title='bbox 435 1257 566 1316; x_wconf 89' lang='lat' dir='ltr'><strong>scribere</strong></span> <span class='ocrx_word' id='word_1_63' title='bbox 588 1256 694 1335; x_wconf 87' lang='lat' dir='ltr'><strong>quidve</strong></span> <span class='ocrx_word' id='word_1_64' title='bbox 715 1254 778 1314; x_wconf 92' lang='lat' dir='ltr'><strong>tibi.</strong></span> 
     </span>
    </p>

    <p class='ocr_par' dir='ltr' id='par_1_8' title="bbox 56 1338 879 1493">
     <span class='ocr_line' id='line_1_13' title="bbox 56 1338 879 1420; baseline -0.005 -20"><span class='ocrx_word' id='word_1_65' title='bbox 56 1358 183 1418; x_wconf 89' lang='lat' dir='ltr'><strong>namque</strong></span> <span class='ocrx_word' id='word_1_66' title='bbox 207 1340 330 1419; x_wconf 83' lang='lat' dir='ltr'><strong>(fatebor</strong></span> <span class='ocrx_word' id='word_1_67' title='bbox 352 1341 440 1420; x_wconf 83' lang='lat' dir='ltr'><strong>enirn)</strong></span> <span class='ocrx_word' id='word_1_68' title='bbox 464 1357 539 1418; x_wconf 89' lang='lat' dir='ltr'><strong>quae</strong></span> <span class='ocrx_word' id='word_1_69' title='bbox 560 1340 686 1398; x_wconf 80' lang='lat' dir='ltr'><strong>maxima</strong></span> <span class='ocrx_word' id='word_1_70' title='bbox 711 1338 879 1398; x_wconf 90' lang='lat' dir='ltr'><strong>deterrendi</strong></span> 
     </span>
     <span class='ocr_line' id='line_1_14' title="bbox 99 1422 715 1493; baseline -0.006 -10"><span class='ocrx_word' id='word_1_71' title='bbox 99 1424 212 1493; x_wconf 84' lang='lat' dir='ltr'><strong>debuit,</strong></span> <span class='ocrx_word' id='word_1_72' title='bbox 235 1423 372 1483; x_wconf 87' lang='lat' dir='ltr'><strong>hortandi</strong></span> <span class='ocrx_word' id='word_1_73' title='bbox 395 1424 520 1482; x_wconf 83' lang='lat' dir='ltr'><strong>maxima</strong></span> <span class='ocrx_word' id='word_1_74' title='bbox 543 1440 630 1482; x_wconf 88' lang='lat' dir='ltr'><strong>causa</strong></span> <span class='ocrx_word' id='word_1_75' title='bbox 652 1422 715 1481; x_wconf 87' lang='lat' dir='ltr'><strong>fnit.</strong></span> 
     </span>
    </p>

    <p class='ocr_par' dir='ltr' id='par_1_9' title="bbox 55 1504 871 1667">
     <span class='ocr_line' id='line_1_15' title="bbox 55 1504 871 1585; baseline -0.007 -18"><span class='ocrx_word' id='word_1_76' title='bbox 55 1525 147 1585; x_wconf 92' lang='lat' dir='ltr'><strong>pauca</strong></span> <span class='ocrx_word' id='word_1_77' title='bbox 170 1515 219 1566; x_wconf 90' lang='lat' dir='ltr'><strong>tua</strong></span> <span class='ocrx_word' id='word_1_78' title='bbox 240 1508 271 1565; x_wconf 93' lang='lat' dir='ltr'><strong>in</strong></span> <span class='ocrx_word' id='word_1_79' title='bbox 294 1515 409 1567; x_wconf 85' lang='lat' dir='ltr'><strong>nostras</strong></span> <span class='ocrx_word' id='word_1_80' title='bbox 429 1513 574 1565; x_wconf 89' lang='lat' dir='ltr'><strong>venerunt</strong></span> <span class='ocrx_word' id='word_1_81' title='bbox 595 1507 724 1564; x_wconf 91' lang='lat' dir='ltr'><strong>carmina</strong></span> <span class='ocrx_word' id='word_1_82' title='bbox 747 1504 871 1570; x_wconf 76' lang='lat' dir='ltr'><strong>chartas</strong></span> 
     </span>
     <span class='ocr_line' id='line_1_16' title="bbox 99 1587 798 1667; baseline -0.004 -18"><span class='ocrx_word' id='word_1_83' title='bbox 99 1592 229 1649; x_wconf 89' lang='lat' dir='ltr'><strong>carmina</strong></span> <span class='ocrx_word' id='word_1_84' title='bbox 252 1608 317 1650; x_wconf 89' lang='lat' dir='ltr'><strong>curn</strong></span> <span class='ocrx_word' id='word_1_85' title='bbox 340 1588 455 1667; x_wconf 84' lang='lat' dir='ltr'><strong>lingua,</strong></span> <span class='ocrx_word' id='word_1_86' title='bbox 480 1597 541 1649; x_wconf 90' lang='lat' dir='ltr'><strong>tum</strong></span> <span class='ocrx_word' id='word_1_87' title='bbox 563 1587 624 1648; x_wconf 89' lang='lat' dir='ltr'><strong>sale</strong></span> <span class='ocrx_word' id='word_1_88' title='bbox 647 1588 798 1664; x_wconf 83' lang='lat' dir='ltr'><strong>Cecropio,</strong></span> 
     </span>
    </p>

    <p class='ocr_par' dir='ltr' id='par_1_10' title="bbox 56 1668 860 1835">
     <span class='ocr_line' id='line_1_17' title="bbox 56 1668 856 1751; baseline -0.008 -18"><span class='ocrx_word' id='word_1_89' title='bbox 56 1676 201 1742; x_wconf 83' lang='lat' dir='ltr'><strong>carmina,</strong></span> <span class='ocrx_word' id='word_1_90' title='bbox 225 1691 299 1751; x_wconf 89' lang='lat' dir='ltr'><strong>quae</strong></span> <span class='ocrx_word' id='word_1_91' title='bbox 322 1674 450 1750; x_wconf 78' lang='lat' dir='ltr'><strong>Pylium,</strong></span> <span class='ocrx_word' id='word_1_92' title='bbox 473 1671 577 1731; x_wconf 91' lang='lat' dir='ltr'><strong>saeclis</strong></span> <span class='ocrx_word' id='word_1_93' title='bbox 599 1678 719 1748; x_wconf 90' lang='lat' dir='ltr'><strong>accepta</strong></span> <span class='ocrx_word' id='word_1_94' title='bbox 741 1668 856 1737; x_wconf 82' lang='lat' dir='ltr'><strong>suturis,</strong></span> 
     </span>
     <span class='ocr_line' id='line_1_18' title="bbox 98 1754 860 1835; baseline -0.005 -19"><span class='ocrx_word' id='word_1_95' title='bbox 98 1758 240 1826; x_wconf 91' lang='lat' dir='ltr'><strong>carmina,</strong></span> <span class='ocrx_word' id='word_1_96' title='bbox 265 1775 339 1835; x_wconf 88' lang='lat' dir='ltr'><strong>quae</strong></span> <span class='ocrx_word' id='word_1_97' title='bbox 362 1756 475 1834; x_wconf 87' lang='lat' dir='ltr'><strong>Pylium</strong></span> <span class='ocrx_word' id='word_1_98' title='bbox 496 1757 614 1815; x_wconf 89' lang='lat' dir='ltr'><strong>vincere</strong></span> <span class='ocrx_word' id='word_1_99' title='bbox 637 1754 724 1831; x_wconf 89' lang='lat' dir='ltr'><strong>digna</strong></span> <span class='ocrx_word' id='word_1_100' title='bbox 747 1770 860 1812; x_wconf 90' lang='lat' dir='ltr'><strong>senem.</strong></span> 
     </span>
    </p>

    <p class='ocr_par' dir='ltr' id='par_1_11' title="bbox 55 1838 874 2002">
     <span class='ocr_line' id='line_1_19' title="bbox 55 1838 874 1919; baseline -0.002 -20"><span class='ocrx_word' id='word_1_101' title='bbox 55 1838 183 1900; x_wconf 92' lang='lat' dir='ltr'><strong>molliter</strong></span> <span class='ocrx_word' id='word_1_102' title='bbox 205 1841 252 1899; x_wconf 91' lang='lat' dir='ltr'><strong>hic</strong></span> <span class='ocrx_word' id='word_1_103' title='bbox 275 1840 360 1899; x_wconf 89' lang='lat' dir='ltr'><strong>viridi</strong></span> <span class='ocrx_word' id='word_1_104' title='bbox 381 1838 497 1919; x_wconf 90' lang='lat' dir='ltr'><strong>patulae</strong></span> <span class='ocrx_word' id='word_1_105' title='bbox 519 1838 573 1898; x_wconf 91' lang='lat' dir='ltr'><strong>sub</strong></span> <span class='ocrx_word' id='word_1_106' title='bbox 595 1840 725 1916; x_wconf 82' lang='lat' dir='ltr'><strong>tegmine</strong></span> <span class='ocrx_word' id='word_1_107' title='bbox 748 1853 874 1915; x_wconf 89' lang='lat' dir='ltr'><strong>quereus</strong></span> 
     </span>
     <span class='ocr_line' id='line_1_20' title="bbox 96 1921 707 2002; baseline 0 -20"><span class='ocrx_word' id='word_1_108' title='bbox 96 1923 203 1983; x_wconf 87' lang='lat' dir='ltr'><strong>Moeris</strong></span> <span class='ocrx_word' id='word_1_109' title='bbox 225 1931 358 2002; x_wconf 88' lang='lat' dir='ltr'><strong>pastores</strong></span> <span class='ocrx_word' id='word_1_110' title='bbox 381 1932 410 1983; x_wconf 92' lang='lat' dir='ltr'><strong>et</strong></span> <span class='ocrx_word' id='word_1_111' title='bbox 430 1921 592 1983; x_wconf 87' lang='lat' dir='ltr'><strong>Meliboeus</strong></span> <span class='ocrx_word' id='word_1_112' title='bbox 615 1930 707 1992; x_wconf 89' lang='lat' dir='ltr'><strong>erant,</strong></span> 
     </span>
    </p>

    <p class='ocr_par' dir='ltr' id='par_1_12' title="bbox 56 2005 752 2168">
     <span class='ocr_line' id='line_1_21' title="bbox 56 2005 720 2077; baseline 0.003 -13"><span class='ocrx_word' id='word_1_113' title='bbox 56 2005 151 2066; x_wconf 93' lang='lat' dir='ltr'><strong>dulcia</strong></span> <span class='ocrx_word' id='word_1_114' title='bbox 173 2009 314 2067; x_wconf 90' lang='lat' dir='ltr'><strong>iactantes</strong></span> <span class='ocrx_word' id='word_1_115' title='bbox 336 2007 451 2068; x_wconf 91' lang='lat' dir='ltr'><strong>alterno</strong></span> <span class='ocrx_word' id='word_1_116' title='bbox 473 2008 603 2067; x_wconf 91' lang='lat' dir='ltr'><strong>carmina</strong></span> <span class='ocrx_word' id='word_1_117' title='bbox 625 2025 720 2077; x_wconf 89' lang='lat' dir='ltr'><strong>versu,</strong></span> 
     </span>
     <span class='ocr_line' id='line_1_22' title="bbox 98 2089 752 2168; baseline -0.003 -18"><span class='ocrx_word' id='word_1_118' title='bbox 98 2089 192 2168; x_wconf 92' lang='lat' dir='ltr'><strong>qualia</strong></span> <span class='ocrx_word' id='word_1_119' title='bbox 215 2090 385 2151; x_wconf 84' lang='lat' dir='ltr'><strong>Trinacriae</strong></span> <span class='ocrx_word' id='word_1_120' title='bbox 407 2091 510 2151; x_wconf 92' lang='lat' dir='ltr'><strong>doctus</strong></span> <span class='ocrx_word' id='word_1_121' title='bbox 532 2098 608 2150; x_wconf 90' lang='lat' dir='ltr'><strong>amat</strong></span> <span class='ocrx_word' id='word_1_122' title='bbox 630 2092 752 2150; x_wconf 88' lang='lat' dir='ltr'><strong>invenis.</strong></span> 
     </span>
    </p>

    <p class='ocr_par' dir='ltr' id='par_1_13' title="bbox 56 2174 722 2337">
     <span class='ocr_line' id='line_1_23' title="bbox 56 2174 716 2244; baseline -0.002 -12"><span class='ocrx_word' id='word_1_123' title='bbox 56 2175 190 2233; x_wconf 76' lang='lat' dir='ltr'><strong>certatIm</strong></span> <span class='ocrx_word' id='word_1_124' title='bbox 212 2175 357 2235; x_wconf 91' lang='lat' dir='ltr'><strong>ornabant</strong></span> <span class='ocrx_word' id='word_1_125' title='bbox 379 2194 481 2236; x_wconf 91' lang='lat' dir='ltr'><strong>omnes</strong></span> <span class='ocrx_word' id='word_1_126' title='bbox 503 2175 625 2236; x_wconf 89' lang='lat' dir='ltr'><strong>beroida</strong></span> <span class='ocrx_word' id='word_1_127' title='bbox 647 2174 716 2244; x_wconf 86' lang='lat' dir='ltr'><strong>divi,</strong></span> 
     </span>
     <span class='ocr_line' id='line_1_24' title="bbox 98 2258 722 2337; baseline -0.002 -21"><span class='ocrx_word' id='word_1_128' title='bbox 98 2258 231 2317; x_wconf 80' lang='lat' dir='ltr'><strong>certatim</strong></span> <span class='ocrx_word' id='word_1_129' title='bbox 254 2258 336 2318; x_wconf 83' lang='lat' dir='ltr'><strong>dirae</strong></span> <span class='ocrx_word' id='word_1_130' title='bbox 358 2277 482 2319; x_wconf 88' lang='lat' dir='ltr'><strong>munera</strong></span> <span class='ocrx_word' id='word_1_131' title='bbox 505 2276 637 2337; x_wconf 90' lang='lat' dir='ltr'><strong>quaeque</strong></span> <span class='ocrx_word' id='word_1_132' title='bbox 660 2276 722 2318; x_wconf 89' lang='lat' dir='ltr'><strong>suo.</strong></span> 
     </span>
    </p>

    <p class='ocr_par' dir='ltr' id='par_1_14' title="bbox 55 2337 787 2499">
     <span class='ocr_line' id='line_1_25' title="bbox 55 2337 787 2419; baseline 0 -23"><span class='ocrx_word' id='word_1_133' title='bbox 55 2338 169 2400; x_wconf 83' lang='lat' dir='ltr'><strong>felicem</strong></span> <span class='ocrx_word' id='word_1_134' title='bbox 193 2347 260 2398; x_wconf 89' lang='lat' dir='ltr'><strong>ante</strong></span> <span class='ocrx_word' id='word_1_135' title='bbox 283 2340 354 2399; x_wconf 88' lang='lat' dir='ltr'><strong>allas</strong></span> <span class='ocrx_word' id='word_1_136' title='bbox 376 2348 456 2400; x_wconf 93' lang='lat' dir='ltr'><strong>tanto</strong></span> <span class='ocrx_word' id='word_1_137' title='bbox 479 2343 622 2419; x_wconf 88' lang='lat' dir='ltr'><strong>scriptore</strong></span> <span class='ocrx_word' id='word_1_138' title='bbox 643 2337 787 2417; x_wconf 86' lang='lat' dir='ltr'><strong>puellam!</strong></span> 
     </span>
     <span class='ocr_line' id='line_1_26' title="bbox 98 2420 702 2499; baseline 0 -19"><span class='ocrx_word' id='word_1_139' title='bbox 98 2420 187 2480; x_wconf 89' lang='lat' dir='ltr'><strong>altera</strong></span> <span class='ocrx_word' id='word_1_140' title='bbox 210 2438 269 2480; x_wconf 94' lang='lat' dir='ltr'><strong>non</strong></span> <span class='ocrx_word' id='word_1_141' title='bbox 292 2422 369 2481; x_wconf 91' lang='lat' dir='ltr'><strong>lama</strong></span> <span class='ocrx_word' id='word_1_142' title='bbox 392 2422 498 2481; x_wconf 78' lang='lat' dir='ltr'><strong>dixerit</strong></span> <span class='ocrx_word' id='word_1_143' title='bbox 520 2440 584 2482; x_wconf 90' lang='lat' dir='ltr'><strong>esse</strong></span> <span class='ocrx_word' id='word_1_144' title='bbox 605 2424 702 2499; x_wconf 88' lang='lat' dir='ltr'><strong>prior:</strong></span> 
     </span>
    </p>

    <p class='ocr_par' dir='ltr' id='par_1_15' title="bbox 55 2503 847 2663">
     <span class='ocr_line' id='line_1_27' title="bbox 55 2503 847 2581; baseline 0 -20"><span class='ocrx_word' id='word_1_145' title='bbox 55 2521 115 2562; x_wconf 93' lang='lat' dir='ltr'><strong>non</strong></span> <span class='ocrx_word' id='word_1_146' title='bbox 136 2503 185 2562; x_wconf 93' lang='lat' dir='ltr'><strong>illa</strong></span> <span class='ocrx_word' id='word_1_147' title='bbox 192 2547 201 2580; x_wconf 86' lang='lat'><em>‚</em></span> <span class='ocrx_word' id='word_1_148' title='bbox 224 2504 417 2581; x_wconf 88' lang='lat' dir='ltr'><strong>Hesperidum</strong></span> <span class='ocrx_word' id='word_1_149' title='bbox 440 2505 471 2562; x_wconf 95' lang='lat' dir='ltr'><strong>ni</strong></span> <span class='ocrx_word' id='word_1_150' title='bbox 492 2521 616 2563; x_wconf 90' lang='lat' dir='ltr'><strong>munere</strong></span> <span class='ocrx_word' id='word_1_151' title='bbox 638 2511 722 2581; x_wconf 90' lang='lat' dir='ltr'><strong>capta</strong></span> <span class='ocrx_word' id='word_1_152' title='bbox 745 2503 847 2562; x_wconf 86' lang='lat' dir='ltr'><strong>luisset</strong></span> 
     </span>
     <span class='ocr_line' id='line_1_28' title="bbox 97 2584 818 2663; baseline 0.001 -19"><span class='ocrx_word' id='word_1_153' title='bbox 97 2603 171 2662; x_wconf 85' lang='lat' dir='ltr'><strong>quae</strong></span> <span class='ocrx_word' id='word_1_154' title='bbox 192 2584 341 2645; x_wconf 90' lang='lat' dir='ltr'><strong>volucrem</strong></span> <span class='ocrx_word' id='word_1_155' title='bbox 364 2604 452 2647; x_wconf 91' lang='lat' dir='ltr'><strong>cursu</strong></span> <span class='ocrx_word' id='word_1_156' title='bbox 472 2587 583 2645; x_wconf 87' lang='lat' dir='ltr'><strong>vicerat</strong></span> <span class='ocrx_word' id='word_1_157' title='bbox 603 2585 818 2663; x_wconf 90' lang='lat' dir='ltr'><strong>Hippomenen,</strong></span> 
     </span>
    </p>

    <p class='ocr_par' dir='ltr' id='par_1_16' title="bbox 56 2666 744 2830">
     <span class='ocr_line' id='line_1_29' title="bbox 56 2666 744 2746; baseline 0.001 -19"><span class='ocrx_word' id='word_1_158' title='bbox 56 2666 179 2727; x_wconf 91' lang='lat' dir='ltr'><strong>eandida</strong></span> <span class='ocrx_word' id='word_1_159' title='bbox 202 2686 311 2745; x_wconf 79' lang='lat' dir='ltr'><strong>cycneo</strong></span> <span class='ocrx_word' id='word_1_160' title='bbox 333 2686 393 2728; x_wconf 92' lang='lat' dir='ltr'><strong>non</strong></span> <span class='ocrx_word' id='word_1_161' title='bbox 416 2669 493 2729; x_wconf 91' lang='lat' dir='ltr'><strong>edita</strong></span> <span class='ocrx_word' id='word_1_162' title='bbox 515 2669 659 2746; x_wconf 79' lang='lat' dir='ltr'><strong>Tyndaris</strong></span> <span class='ocrx_word' id='word_1_163' title='bbox 682 2687 744 2737; x_wconf 82' lang='lat' dir='ltr'><strong>ovo,</strong></span> 
     </span>
     <span class='ocr_line' id='line_1_30' title="bbox 97 2750 698 2830; baseline -0.002 -20"><span class='ocrx_word' id='word_1_164' title='bbox 97 2768 156 2810; x_wconf 94' lang='lat' dir='ltr'><strong>non</strong></span> <span class='ocrx_word' id='word_1_165' title='bbox 178 2768 285 2829; x_wconf 91' lang='lat' dir='ltr'><strong>supero</strong></span> <span class='ocrx_word' id='word_1_166' title='bbox 308 2751 423 2829; x_wconf 80' lang='lat' dir='ltr'><strong>fulgens</strong></span> <span class='ocrx_word' id='word_1_167' title='bbox 446 2753 600 2829; x_wconf 87' lang='lat' dir='ltr'><strong>Cassiopea</strong></span> <span class='ocrx_word' id='word_1_168' title='bbox 621 2750 698 2830; x_wconf 90' lang='lat' dir='ltr'><strong>polo,</strong></span> 
     </span>
    </p>

    <p class='ocr_par' dir='ltr' id='par_1_17' title="bbox 55 2835 858 2999">
     <span class='ocr_line' id='line_1_31' title="bbox 55 2835 858 2913; baseline 0 -19"><span class='ocrx_word' id='word_1_169' title='bbox 55 2852 115 2894; x_wconf 94' lang='lat' dir='ltr'><strong>non</strong></span> <span class='ocrx_word' id='word_1_170' title='bbox 138 2835 256 2895; x_wconf 82' lang='lat' dir='ltr'><strong>defensa</strong></span> <span class='ocrx_word' id='word_1_171' title='bbox 279 2835 329 2895; x_wconf 91' lang='lat' dir='ltr'><strong>diu</strong></span> <span class='ocrx_word' id='word_1_172' title='bbox 350 2835 501 2896; x_wconf 91' lang='lat' dir='ltr'><strong>volucrum</strong></span> <span class='ocrx_word' id='word_1_173' title='bbox 524 2835 684 2895; x_wconf 90' lang='lat' dir='ltr'><strong>certamine</strong></span> <span class='ocrx_word' id='word_1_174' title='bbox 707 2853 858 2913; x_wconf 87' lang='lat' dir='ltr'><strong>equorum,</strong></span> 
     </span>
     <span class='ocr_line' id='line_1_32' title="bbox 97 2919 841 2999; baseline 0 -20"><span class='ocrx_word' id='word_1_175' title='bbox 97 2919 237 2998; x_wconf 90' lang='lat' dir='ltr'><strong>optabant</strong></span> <span class='ocrx_word' id='word_1_176' title='bbox 259 2920 363 2981; x_wconf 91' lang='lat' dir='ltr'><strong>Graiae</strong></span> <span class='ocrx_word' id='word_1_177' title='bbox 386 2938 471 2999; x_wconf 89' lang='lat' dir='ltr'><strong>quarn</strong></span> <span class='ocrx_word' id='word_1_178' title='bbox 494 2919 550 2979; x_wconf 90' lang='lat' dir='ltr'><strong>sibi</strong></span> <span class='ocrx_word' id='word_1_179' title='bbox 572 2936 704 2999; x_wconf 81' lang='lat' dir='ltr'><strong>quaeque</strong></span> <span class='ocrx_word' id='word_1_180' title='bbox 727 2936 841 2989; x_wconf 86' lang='lat' dir='ltr'><strong>manus,</strong></span> 
     </span>
    </p>

    <p class='ocr_par' dir='ltr' id='par_1_18' title="bbox 55 3002 929 3166">
     <span class='ocr_line' id='line_1_33' title="bbox 55 3002 929 3083; baseline 0 -23"><span class='ocrx_word' id='word_1_181' title='bbox 55 3020 142 3081; x_wconf 88' lang='lat' dir='ltr'><strong>saepe</strong></span> <span class='ocrx_word' id='word_1_182' title='bbox 165 3006 291 3065; x_wconf 89' lang='lat' dir='ltr'><strong>animam</strong></span> <span class='ocrx_word' id='word_1_183' title='bbox 315 3007 417 3082; x_wconf 84' lang='lat' dir='ltr'><strong>generi</strong></span> <span class='ocrx_word' id='word_1_184' title='bbox 431 3022 486 3083; x_wconf 94' lang='lat' dir='ltr'><strong>pro</strong></span> <span class='ocrx_word' id='word_1_185' title='bbox 509 3024 564 3083; x_wconf 89' lang='lat' dir='ltr'><strong>qua</strong></span> <span class='ocrx_word' id='word_1_186' title='bbox 587 3011 672 3083; x_wconf 91' lang='lat' dir='ltr'><strong>pater</strong></span> <span class='ocrx_word' id='word_1_187' title='bbox 693 3004 801 3082; x_wconf 88' lang='lat' dir='ltr'><strong>impius</strong></span> <span class='ocrx_word' id='word_1_188' title='bbox 822 3002 929 3070; x_wconf 86' lang='lat' dir='ltr'><strong>bausit,</strong></span> 
     </span>
     <span class='ocr_line' id='line_1_34' title="bbox 97 3087 807 3166; baseline 0.003 -21"><span class='ocrx_word' id='word_1_189' title='bbox 97 3104 183 3164; x_wconf 88' lang='lat' dir='ltr'><strong>saepe</strong></span> <span class='ocrx_word' id='word_1_190' title='bbox 206 3088 296 3147; x_wconf 92' lang='lat' dir='ltr'><strong>rubro</strong></span> <span class='ocrx_word' id='word_1_191' title='bbox 318 3087 396 3148; x_wconf 90' lang='lat' dir='ltr'><strong>Eleis</strong></span> <span class='ocrx_word' id='word_1_192' title='bbox 418 3091 559 3166; x_wconf 85' lang='lat' dir='ltr'><strong>sanguine</strong></span> <span class='ocrx_word' id='word_1_193' title='bbox 581 3089 665 3148; x_wconf 78' lang='lat' dir='ltr'><strong>fluxit</strong></span> <span class='ocrx_word' id='word_1_194' title='bbox 685 3088 807 3156; x_wconf 86' lang='lat' dir='ltr'><strong>humus;</strong></span> 
     </span>
    </p>

    <p class='ocr_par' dir='ltr' id='par_1_19' title="bbox 55 3171 814 3331">
     <span class='ocr_line' id='line_1_35' title="bbox 55 3171 773 3246; baseline 0 -18"><span class='ocrx_word' id='word_1_195' title='bbox 55 3171 136 3246; x_wconf 84' lang='lat' dir='ltr'><strong>regia</strong></span> <span class='ocrx_word' id='word_1_196' title='bbox 158 3188 218 3229; x_wconf 93' lang='lat' dir='ltr'><strong>non</strong></span> <span class='ocrx_word' id='word_1_197' title='bbox 241 3171 370 3240; x_wconf 90' lang='lat' dir='ltr'><strong>Semele,</strong></span> <span class='ocrx_word' id='word_1_198' title='bbox 395 3190 453 3232; x_wconf 91' lang='lat' dir='ltr'><strong>non</strong></span> <span class='ocrx_word' id='word_1_199' title='bbox 475 3173 592 3233; x_wconf 92' lang='lat' dir='ltr'><strong>lnachis</strong></span> <span class='ocrx_word' id='word_1_200' title='bbox 613 3172 773 3239; x_wconf 79' lang='lat' dir='ltr'><strong>acrisione,</strong></span> 
     </span>
     <span class='ocr_line' id='line_1_36' title="bbox 96 3253 814 3331; baseline 0 -20"><span class='ocrx_word' id='word_1_201' title='bbox 96 3254 204 3312; x_wconf 91' lang='lat' dir='ltr'><strong>inmitti</strong></span> <span class='ocrx_word' id='word_1_202' title='bbox 227 3265 365 3331; x_wconf 84' lang='lat' dir='ltr'><strong>expertae</strong></span> <span class='ocrx_word' id='word_1_203' title='bbox 387 3255 510 3315; x_wconf 89' lang='lat' dir='ltr'><strong>fulmina</strong></span> <span class='ocrx_word' id='word_1_204' title='bbox 533 3263 562 3314; x_wconf 93' lang='lat' dir='ltr'><strong>et</strong></span> <span class='ocrx_word' id='word_1_205' title='bbox 583 3253 679 3312; x_wconf 91' lang='lat' dir='ltr'><strong>imbre</strong></span> <span class='ocrx_word' id='word_1_206' title='bbox 700 3253 814 3318; x_wconf 89' lang='lat' dir='ltr'><strong>lovem;</strong></span> 
     </span>
    </p>

    <p class='ocr_par' dir='ltr' id='par_1_20' title="bbox 56 3336 795 3498">
     <span class='ocr_line' id='line_1_37' title="bbox 56 3336 795 3417; baseline -0.001 -23"><span class='ocrx_word' id='word_1_207' title='bbox 56 3354 114 3395; x_wconf 91' lang='lat' dir='ltr'><strong>non</strong></span> <span class='ocrx_word' id='word_1_208' title='bbox 138 3337 220 3394; x_wconf 90' lang='lat' dir='ltr'><strong>cuins</strong></span> <span class='ocrx_word' id='word_1_209' title='bbox 242 3336 279 3395; x_wconf 95' lang='lat' dir='ltr'><strong>ob</strong></span> <span class='ocrx_word' id='word_1_210' title='bbox 301 3344 418 3414; x_wconf 90' lang='lat' dir='ltr'><strong>raptum</strong></span> <span class='ocrx_word' id='word_1_211' title='bbox 440 3338 518 3417; x_wconf 90' lang='lat' dir='ltr'><strong>pulsi</strong></span> <span class='ocrx_word' id='word_1_212' title='bbox 538 3336 652 3415; x_wconf 90' lang='lat' dir='ltr'><strong>liquere</strong></span> <span class='ocrx_word' id='word_1_213' title='bbox 673 3342 795 3412; x_wconf 88' lang='lat' dir='ltr'><strong>penates</strong></span> 
     </span>
     <span class='ocr_line' id='line_1_38' title="bbox 98 3420 718 3498; baseline -0.005 -19"><span class='ocrx_word' id='word_1_214' title='bbox 98 3420 249 3498; x_wconf 84' lang='lat' dir='ltr'><strong>Tarquinii</strong></span> <span class='ocrx_word' id='word_1_215' title='bbox 270 3422 395 3496; x_wconf 79' lang='lat' dir='ltr'><strong>patrios,</strong></span> <span class='ocrx_word' id='word_1_216' title='bbox 418 3420 494 3481; x_wconf 88' lang='lat' dir='ltr'><strong>lilius</strong></span> <span class='ocrx_word' id='word_1_217' title='bbox 516 3427 602 3498; x_wconf 87' lang='lat' dir='ltr'><strong>atque</strong></span> <span class='ocrx_word' id='word_1_218' title='bbox 624 3425 718 3496; x_wconf 90' lang='lat' dir='ltr'><strong>pater,</strong></span> 
     </span>
    </p>
   </div>
   <div class='ocr_carea' id='block_1_4' title="bbox 0 0 1204 3878">
    <p class='ocr_par' dir='ltr' id='par_1_21' title="bbox 0 0 1204 3878">
     <span class='ocr_line' id='line_1_39' title="bbox 0 0 1204 3878; baseline 0 0"><span class='ocrx_word' id='word_1_219' title='bbox 0 0 1204 3878; x_wconf 95' lang='lat' dir='ltr'><strong> </strong></span> 
     </span>
    </p>
   </div>
  </div>
 </body>
</html>
