<?xml version="1.0" encoding="UTF-8"?>
<!DOCTYPE html PUBLIC "-//W3C//DTD XHTML 1.0 Transitional//EN"
    "http://www.w3.org/TR/xhtml1/DTD/xhtml1-transitional.dtd">
<html xmlns="http://www.w3.org/1999/xhtml" xml:lang="en" lang="en">
 <head>
  <title>
</title>
<meta http-equiv="Content-Type" content="text/html;charset=utf-8" />
  <meta name='ocr-system' content='tesseract 3.04.00' />
  <meta name='ocr-capabilities' content='ocr_page ocr_carea ocr_par ocr_line ocrx_word'/>
</head>
<body>
  <div class='ocr_page' id='page_1' title='image "./operainusumscho00virggoog_0060.png"; bbox 0 0 2400 3878; ppageno 0'>
   <div class='ocr_carea' id='block_1_1' title="bbox 145 188 188 253">
    <p class='ocr_par' dir='ltr' id='par_1_1' title="bbox 145 188 188 253">
     <span class='ocr_line' id='line_1_1' title="bbox 145 188 188 253; baseline -0.047 0"><span class='ocrx_word' id='word_1_1' title='bbox 145 188 188 253; x_wconf 83' lang='lat'><strong>20</strong></span> 
     </span>
    </p>
   </div>
   <div class='ocr_carea' id='block_1_2' title="bbox 147 344 172 416">
    <p class='ocr_par' dir='ltr' id='par_1_2' title="bbox 147 344 172 416">
     <span class='ocr_line' id='line_1_2' title="bbox 147 344 172 416; baseline 0 -48"><span class='ocrx_word' id='word_1_2' title='bbox 147 344 172 416; x_wconf 68' lang='lat'><strong>3,</strong></span> 
     </span>
    </p>
   </div>
   <div class='ocr_carea' id='block_1_3' title="bbox 467 195 830 244">
    <p class='ocr_par' dir='ltr' id='par_1_3' title="bbox 467 195 830 244">
     <span class='ocr_line' id='line_1_3' title="bbox 467 195 830 244; baseline -0.003 0"><span class='ocrx_word' id='word_1_3' title='bbox 467 197 611 244; x_wconf 83' lang='lat' dir='ltr'><strong>VERGILI</strong></span> <span class='ocrx_word' id='word_1_4' title='bbox 633 195 773 244; x_wconf 77' lang='lat' dir='ltr'>ECLOGA</span> <span class='ocrx_word' id='word_1_5' title='bbox 792 197 830 243; x_wconf 83' lang='lat' dir='ltr'><strong>IX</strong></span> 
     </span>
    </p>
   </div>
   <div class='ocr_carea' id='block_1_4' title="bbox 272 350 1166 919">
    <p class='ocr_par' dir='ltr' id='par_1_4' title="bbox 272 350 1166 919">
     <span class='ocr_line' id='line_1_4' title="bbox 272 350 1166 429; baseline 0.002 -17"><span class='ocrx_word' id='word_1_6' title='bbox 272 351 350 412; x_wconf 84' lang='lat' dir='ltr'><strong>Talis</strong></span> <span class='ocrx_word' id='word_1_7' title='bbox 367 371 450 413; x_wconf 88' lang='lat' dir='ltr'><strong>amor</strong></span> <span class='ocrx_word' id='word_1_8' title='bbox 466 351 618 428; x_wconf 84' lang='lat' dir='ltr'>Daphnim,</span> <span class='ocrx_word' id='word_1_9' title='bbox 643 350 735 429; x_wconf 90' lang='lat' dir='ltr'><strong>qualis</strong></span> <span class='ocrx_word' id='word_1_10' title='bbox 758 369 824 411; x_wconf 90' lang='lat' dir='ltr'><strong>cum</strong></span> <span class='ocrx_word' id='word_1_11' title='bbox 846 351 922 410; x_wconf 84' lang='lat' dir='ltr'><strong>fessa</strong></span> <span class='ocrx_word' id='word_1_12' title='bbox 945 353 1105 414; x_wconf 81' lang='lat' dir='ltr'><strong>iuvencum</strong></span> <span class='ocrx_word' id='word_1_13' title='bbox 1128 366 1166 420; x_wconf 69' lang='lat'><strong>85</strong></span> 
     </span>
     <span class='ocr_line' id='line_1_5' title="bbox 273 433 1097 513; baseline 0.001 -18"><span class='ocrx_word' id='word_1_14' title='bbox 273 453 325 512; x_wconf 92' lang='lat' dir='ltr'><strong>per</strong></span> <span class='ocrx_word' id='word_1_15' title='bbox 348 454 469 496; x_wconf 89' lang='lat' dir='ltr'><strong>nemora</strong></span> <span class='ocrx_word' id='word_1_16' title='bbox 491 445 577 513; x_wconf 89' lang='lat' dir='ltr'><strong>atque</strong></span> <span class='ocrx_word' id='word_1_17' title='bbox 599 433 671 495; x_wconf 91' lang='lat' dir='ltr'><strong>altos</strong></span> <span class='ocrx_word' id='word_1_18' title='bbox 694 434 862 512; x_wconf 90' lang='lat' dir='ltr'><strong>quaerendo</strong></span> <span class='ocrx_word' id='word_1_19' title='bbox 884 433 989 495; x_wconf 90' lang='lat' dir='ltr'><strong>hocula</strong></span> <span class='ocrx_word' id='word_1_20' title='bbox 1011 435 1097 496; x_wconf 89' lang='lat' dir='ltr'><strong>lucos</strong></span> 
     </span>
     <span class='ocr_line' id='line_1_6' title="bbox 272 517 1066 596; baseline 0.003 -18"><span class='ocrx_word' id='word_1_21' title='bbox 272 529 393 596; x_wconf 90' lang='lat' dir='ltr'><strong>propter</strong></span> <span class='ocrx_word' id='word_1_22' title='bbox 416 538 508 596; x_wconf 92' lang='lat' dir='ltr'><strong>aquae</strong></span> <span class='ocrx_word' id='word_1_23' title='bbox 528 520 623 577; x_wconf 89' lang='lat' dir='ltr'><strong>rivom</strong></span> <span class='ocrx_word' id='word_1_24' title='bbox 644 519 729 577; x_wconf 89' lang='lat' dir='ltr'><strong>viridi</strong></span> <span class='ocrx_word' id='word_1_25' title='bbox 750 517 917 594; x_wconf 87' lang='lat' dir='ltr'><strong>procumbit</strong></span> <span class='ocrx_word' id='word_1_26' title='bbox 938 520 968 577; x_wconf 88' lang='lat' dir='ltr'><strong>in</strong></span> <span class='ocrx_word' id='word_1_27' title='bbox 990 518 1066 590; x_wconf 86' lang='lat' dir='ltr'><strong>ulva,</strong></span> 
     </span>
     <span class='ocr_line' id='line_1_7' title="bbox 273 601 990 679; baseline -0.003 -17"><span class='ocrx_word' id='word_1_28' title='bbox 273 603 386 679; x_wconf 88' lang='lat' dir='ltr'><strong>perdita</strong></span> <span class='ocrx_word' id='word_1_29' title='bbox 407 620 463 662; x_wconf 91' lang='lat' dir='ltr'><strong>nec</strong></span> <span class='ocrx_word' id='word_1_30' title='bbox 485 620 569 662; x_wconf 89' lang='lat' dir='ltr'><strong>serae</strong></span> <span class='ocrx_word' id='word_1_31' title='bbox 591 603 722 661; x_wconf 78' lang='lat' dir='ltr'>meminit</span> <span class='ocrx_word' id='word_1_32' title='bbox 743 601 887 661; x_wconf 78' lang='lat' dir='ltr'><strong>decedere</strong></span> <span class='ocrx_word' id='word_1_33' title='bbox 903 605 990 671; x_wconf 88' lang='lat' dir='ltr'><strong>nocti,</strong></span> 
     </span>
     <span class='ocr_line' id='line_1_8' title="bbox 272 658 1084 830; baseline -0.001 -83"><span class='ocrx_word' id='word_1_34' title='bbox 272 685 338 747; x_wconf 86' lang='lat' dir='ltr'><strong>talis</strong></span> <span class='ocrx_word' id='word_1_35' title='bbox 360 704 442 746; x_wconf 88' lang='lat' dir='ltr'><strong>amor</strong></span> <span class='ocrx_word' id='word_1_36' title='bbox 464 695 575 754; x_wconf 87' lang='lat' dir='ltr'><strong>teneat,</strong></span> <span class='ocrx_word' id='word_1_37' title='bbox 598 703 653 745; x_wconf 91' lang='lat' dir='ltr'><strong>nec</strong></span> <span class='ocrx_word' id='word_1_38' title='bbox 675 687 711 744; x_wconf 94' lang='lat' dir='ltr'><strong>sit</strong></span> <span class='ocrx_word' id='word_1_39' title='bbox 732 685 803 745; x_wconf 92' lang='lat' dir='ltr'><strong>mihi</strong></span> <span class='ocrx_word' id='word_1_40' title='bbox 826 703 896 746; x_wconf 91' lang='lat' dir='ltr'><strong>cura</strong></span> <span class='ocrx_word' id='word_1_41' title='bbox 918 658 1084 830; x_wconf 36' lang='lat' dir='ltr'><strong>moder&amp;</strong></span> 
     </span>
     <span class='ocr_line' id='line_1_9' title="bbox 317 768 1163 848; baseline 0.001 -19"><span class='ocrx_word' id='word_1_42' title='bbox 317 770 413 830; x_wconf 86' lang='lat' dir='ltr'><strong>ducite</strong></span> <span class='ocrx_word' id='word_1_43' title='bbox 429 769 465 829; x_wconf 91' lang='lat' dir='ltr'><strong>ab</strong></span> <span class='ocrx_word' id='word_1_44' title='bbox 484 769 558 830; x_wconf 89' lang='lat' dir='ltr'><strong>urhe</strong></span> <span class='ocrx_word' id='word_1_45' title='bbox 569 768 697 838; x_wconf 92' lang='lat' dir='ltr'><strong>domum,</strong></span> <span class='ocrx_word' id='word_1_46' title='bbox 716 788 781 829; x_wconf 89' lang='lat' dir='ltr'><strong>mea</strong></span> <span class='ocrx_word' id='word_1_47' title='bbox 794 771 932 838; x_wconf 90' lang='lat' dir='ltr'><strong>carmina,</strong></span> <span class='ocrx_word' id='word_1_48' title='bbox 947 770 1013 829; x_wconf 92' lang='lat' dir='ltr'><strong>duci</strong></span> <span class='ocrx_word' id='word_1_49' title='bbox 1085 771 1163 848; x_wconf 90' lang='lat' dir='ltr'><strong>aph-</strong></span> 
     </span>
     <span class='ocr_line' id='line_1_10' title="bbox 929 867 1163 919; baseline -0.004 0"><span class='ocrx_word' id='word_1_50' title='bbox 929 871 997 912; x_wconf 76' lang='lat' dir='ltr'><strong>sslm·</strong></span> <span class='ocrx_word' id='word_1_51' title='bbox 1126 867 1163 919; x_wconf 83' lang='lat'><strong>90</strong></span> 
     </span>
    </p>
   </div>
   <div class='ocr_carea' id='block_1_5' title="bbox 165 930 1029 1015">
    <p class='ocr_par' dir='ltr' id='par_1_5' title="bbox 165 930 1029 1015">
     <span class='ocr_line' id='line_1_11' title="bbox 165 930 1029 1015; baseline -0.002 -19"><span class='ocrx_word' id='word_1_52' title='bbox 165 930 173 950; x_wconf 89' lang='lat'><em>&#39;</em></span> <span class='ocrx_word' id='word_1_53' title='bbox 278 936 338 996; x_wconf 88' lang='lat' dir='ltr'><strong>Has</strong></span> <span class='ocrx_word' id='word_1_54' title='bbox 361 936 429 995; x_wconf 92' lang='lat' dir='ltr'><strong>olim</strong></span> <span class='ocrx_word' id='word_1_55' title='bbox 452 937 569 997; x_wconf 82' lang='lat' dir='ltr'><strong>exuvias</strong></span> <span class='ocrx_word' id='word_1_56' title='bbox 590 937 661 996; x_wconf 91' lang='lat' dir='ltr'><strong>mihi</strong></span> <span class='ocrx_word' id='word_1_57' title='bbox 683 936 813 1013; x_wconf 88' lang='lat' dir='ltr'><strong>perfidus</strong></span> <span class='ocrx_word' id='word_1_58' title='bbox 834 935 882 996; x_wconf 90' lang='lat' dir='ltr'><strong>ille</strong></span> <span class='ocrx_word' id='word_1_59' title='bbox 904 936 1029 1015; x_wconf 88' lang='lat' dir='ltr'><strong>reliquit,</strong></span> 
     </span>
    </p>
   </div>
   <div class='ocr_carea' id='block_1_6' title="bbox 273 1018 1158 1264">
    <p class='ocr_par' dir='ltr' id='par_1_6' title="bbox 273 1018 1158 1264">
     <span class='ocr_line' id='line_1_12' title="bbox 273 1018 1115 1098; baseline 0.004 -21"><span class='ocrx_word' id='word_1_60' title='bbox 273 1020 395 1096; x_wconf 85' lang='lat' dir='ltr'><strong>pignora</strong></span> <span class='ocrx_word' id='word_1_61' title='bbox 418 1039 486 1080; x_wconf 88' lang='lat' dir='ltr'><strong>cara</strong></span> <span class='ocrx_word' id='word_1_62' title='bbox 509 1021 568 1081; x_wconf 93' lang='lat' dir='ltr'><strong>sui:</strong></span> <span class='ocrx_word' id='word_1_63' title='bbox 593 1039 667 1098; x_wconf 89' lang='lat' dir='ltr'><strong>quae</strong></span> <span class='ocrx_word' id='word_1_64' title='bbox 689 1038 768 1080; x_wconf 90' lang='lat' dir='ltr'><strong>nunc</strong></span> <span class='ocrx_word' id='word_1_65' title='bbox 790 1036 845 1096; x_wconf 85' lang='lat' dir='ltr'><strong>ego</strong></span> <span class='ocrx_word' id='word_1_66' title='bbox 867 1018 966 1080; x_wconf 88' lang='lat' dir='ltr'><strong>limine</strong></span> <span class='ocrx_word' id='word_1_67' title='bbox 987 1023 1017 1080; x_wconf 91' lang='lat' dir='ltr'><strong>in</strong></span> <span class='ocrx_word' id='word_1_68' title='bbox 1038 1022 1115 1097; x_wconf 88' lang='lat' dir='ltr'><strong>ipso,</strong></span> 
     </span>
     <span class='ocr_line' id='line_1_13' title="bbox 274 1103 1136 1181; baseline 0.005 -21"><span class='ocrx_word' id='word_1_69' title='bbox 274 1111 369 1173; x_wconf 87' lang='lat' dir='ltr'><strong>terra,</strong></span> <span class='ocrx_word' id='word_1_70' title='bbox 391 1104 444 1163; x_wconf 87' lang='lat' dir='ltr'><strong>tibi</strong></span> <span class='ocrx_word' id='word_1_71' title='bbox 466 1103 587 1171; x_wconf 79' lang='lat' dir='ltr'><strong>mando:</strong></span> <span class='ocrx_word' id='word_1_72' title='bbox 612 1103 719 1163; x_wconf 90' lang='lat' dir='ltr'><strong>debent</strong></span> <span class='ocrx_word' id='word_1_73' title='bbox 740 1103 813 1164; x_wconf 89' lang='lat' dir='ltr'><strong>haec</strong></span> <span class='ocrx_word' id='word_1_74' title='bbox 835 1105 956 1181; x_wconf 83' lang='lat' dir='ltr'><strong>pignora</strong></span> <span class='ocrx_word' id='word_1_75' title='bbox 980 1103 1136 1180; x_wconf 75' lang='lat' dir='ltr'><strong>[taphnim.</strong></span> 
     </span>
     <span class='ocr_line' id='line_1_14' title="bbox 315 1186 1158 1264; baseline 0.004 -18"><span class='ocrx_word' id='word_1_76' title='bbox 315 1186 1158 1264; x_wconf 75' lang='lat' dir='ltr'><strong>duciteahurhedomum,meacarminaducitehaphnim.</strong></span> 
     </span>
    </p>
   </div>
   <div class='ocr_carea' id='block_1_7' title="bbox 165 1261 1160 1348">
    <p class='ocr_par' dir='ltr' id='par_1_7' title="bbox 165 1261 1160 1348">
     <span class='ocr_line' id='line_1_15' title="bbox 165 1261 1160 1348; baseline 0.01 -22"><span class='ocrx_word' id='word_1_77' title='bbox 165 1261 183 1284; x_wconf 90' lang='lat'><strong>&#39;&#39;</strong></span> <span class='ocrx_word' id='word_1_78' title='bbox 267 1269 327 1329; x_wconf 90' lang='lat' dir='ltr'><strong>ilas</strong></span> <span class='ocrx_word' id='word_1_79' title='bbox 347 1269 456 1330; x_wconf 90' lang='lat' dir='ltr'><strong>herhas</strong></span> <span class='ocrx_word' id='word_1_80' title='bbox 478 1279 564 1348; x_wconf 89' lang='lat' dir='ltr'><strong>atque</strong></span> <span class='ocrx_word' id='word_1_81' title='bbox 585 1271 659 1330; x_wconf 87' lang='lat' dir='ltr'><strong>haec</strong></span> <span class='ocrx_word' id='word_1_82' title='bbox 680 1270 774 1330; x_wconf 90' lang='lat' dir='ltr'><strong>Ponto</strong></span> <span class='ocrx_word' id='word_1_83' title='bbox 795 1271 867 1330; x_wconf 91' lang='lat' dir='ltr'><strong>mihi</strong></span> <span class='ocrx_word' id='word_1_84' title='bbox 887 1270 961 1331; x_wconf 90' lang='lat' dir='ltr'><strong>lecta</strong></span> <span class='ocrx_word' id='word_1_85' title='bbox 984 1289 1096 1332; x_wconf 82' lang='lat' dir='ltr'><strong>venena</strong></span> <span class='ocrx_word' id='word_1_86' title='bbox 1125 1284 1160 1337; x_wconf 78' lang='lat'><strong>95</strong></span> 
     </span>
    </p>
   </div>
   <div class='ocr_carea' id='block_1_8' title="bbox 272 1353 1157 1768">
    <p class='ocr_par' dir='ltr' id='par_1_8' title="bbox 272 1353 1069 1682">
     <span class='ocr_line' id='line_1_16' title="bbox 272 1353 1055 1432; baseline 0.003 -20"><span class='ocrx_word' id='word_1_87' title='bbox 272 1354 335 1429; x_wconf 91' lang='lat' dir='ltr'><strong>ipse</strong></span> <span class='ocrx_word' id='word_1_88' title='bbox 357 1354 436 1414; x_wconf 87' lang='lat' dir='ltr'><strong>dedit</strong></span> <span class='ocrx_word' id='word_1_89' title='bbox 457 1353 565 1414; x_wconf 92' lang='lat' dir='ltr'><strong>Moeris</strong></span> <span class='ocrx_word' id='word_1_90' title='bbox 587 1357 758 1429; x_wconf 91' lang='lat' dir='ltr'><strong>(nascuntur</strong></span> <span class='ocrx_word' id='word_1_91' title='bbox 780 1354 916 1432; x_wconf 83' lang='lat' dir='ltr'>pluruma</span> <span class='ocrx_word' id='word_1_92' title='bbox 936 1354 1055 1432; x_wconf 90' lang='lat' dir='ltr'><strong>Ponto);</strong></span> 
     </span>
     <span class='ocr_line' id='line_1_17' title="bbox 272 1437 1069 1516; baseline 0.004 -21"><span class='ocrx_word' id='word_1_93' title='bbox 272 1437 317 1496; x_wconf 95' lang='lat' dir='ltr'><strong>his</strong></span> <span class='ocrx_word' id='word_1_94' title='bbox 340 1456 394 1516; x_wconf 84' lang='lat' dir='ltr'><strong>ego</strong></span> <span class='ocrx_word' id='word_1_95' title='bbox 417 1455 505 1515; x_wconf 85' lang='lat' dir='ltr'><strong>saepe</strong></span> <span class='ocrx_word' id='word_1_96' title='bbox 525 1437 628 1514; x_wconf 90' lang='lat' dir='ltr'><strong>lupum</strong></span> <span class='ocrx_word' id='word_1_97' title='bbox 649 1439 712 1498; x_wconf 86' lang='lat' dir='ltr'><strong>fieri</strong></span> <span class='ocrx_word' id='word_1_98' title='bbox 736 1446 817 1499; x_wconf 90' lang='lat' dir='ltr'><strong>etse</strong></span> <span class='ocrx_word' id='word_1_99' title='bbox 841 1438 969 1498; x_wconf 89' lang='lat' dir='ltr'><strong>condere</strong></span> <span class='ocrx_word' id='word_1_100' title='bbox 991 1437 1069 1498; x_wconf 87' lang='lat' dir='ltr'><strong>silvis</strong></span> 
     </span>
     <span class='ocr_line' id='line_1_18' title="bbox 274 1521 1046 1599; baseline 0.001 -19"><span class='ocrx_word' id='word_1_101' title='bbox 274 1521 411 1592; x_wconf 86' lang='lat' dir='ltr'><strong>Moerim,</strong></span> <span class='ocrx_word' id='word_1_102' title='bbox 434 1539 522 1599; x_wconf 81' lang='lat' dir='ltr'><strong>saepe</strong></span> <span class='ocrx_word' id='word_1_103' title='bbox 543 1523 654 1583; x_wconf 90' lang='lat' dir='ltr'><strong>animas</strong></span> <span class='ocrx_word' id='word_1_104' title='bbox 675 1523 740 1581; x_wconf 91' lang='lat' dir='ltr'><strong>imis</strong></span> <span class='ocrx_word' id='word_1_105' title='bbox 763 1525 859 1582; x_wconf 85' lang='lat' dir='ltr'><strong>excire</strong></span> <span class='ocrx_word' id='word_1_106' title='bbox 881 1521 1046 1599; x_wconf 84' lang='lat' dir='ltr'><strong>sepulchris</strong></span> 
     </span>
     <span class='ocr_line' id='line_1_19' title="bbox 274 1606 928 1682; baseline 0.002 -19"><span class='ocrx_word' id='word_1_107' title='bbox 274 1611 361 1682; x_wconf 90' lang='lat' dir='ltr'><strong>atque</strong></span> <span class='ocrx_word' id='word_1_108' title='bbox 382 1615 460 1666; x_wconf 87' lang='lat' dir='ltr'><strong>satas</strong></span> <span class='ocrx_word' id='word_1_109' title='bbox 482 1606 537 1666; x_wconf 93' lang='lat' dir='ltr'><strong>alio</strong></span> <span class='ocrx_word' id='word_1_110' title='bbox 559 1607 617 1665; x_wconf 92' lang='lat' dir='ltr'><strong>vidi</strong></span> <span class='ocrx_word' id='word_1_111' title='bbox 638 1606 794 1665; x_wconf 84' lang='lat' dir='ltr'><strong>traducere</strong></span> <span class='ocrx_word' id='word_1_112' title='bbox 816 1607 928 1665; x_wconf 86' lang='lat' dir='ltr'><strong>messis.</strong></span> 
     </span>
    </p>

    <p class='ocr_par' dir='ltr' id='par_1_9' title="bbox 316 1689 1157 1768">
     <span class='ocr_line' id='line_1_20' title="bbox 316 1689 1157 1768; baseline 0.007 -22"><span class='ocrx_word' id='word_1_113' title='bbox 316 1689 412 1749; x_wconf 79' lang='lat' dir='ltr'><strong>ducite</strong></span> <span class='ocrx_word' id='word_1_114' title='bbox 424 1690 460 1749; x_wconf 92' lang='lat' dir='ltr'><strong>ah</strong></span> <span class='ocrx_word' id='word_1_115' title='bbox 474 1689 548 1750; x_wconf 90' lang='lat' dir='ltr'><strong>urhe</strong></span> <span class='ocrx_word' id='word_1_116' title='bbox 561 1690 689 1757; x_wconf 90' lang='lat' dir='ltr'><strong>donmm,</strong></span> <span class='ocrx_word' id='word_1_117' title='bbox 709 1707 774 1747; x_wconf 90' lang='lat' dir='ltr'><strong>mea</strong></span> <span class='ocrx_word' id='word_1_118' title='bbox 791 1690 929 1755; x_wconf 90' lang='lat' dir='ltr'><strong>carmina,</strong></span> <span class='ocrx_word' id='word_1_119' title='bbox 950 1689 1046 1748; x_wconf 82' lang='lat' dir='ltr'><strong>ducite</strong></span> <span class='ocrx_word' id='word_1_120' title='bbox 1057 1689 1157 1768; x_wconf 87' lang='lat' dir='ltr'><strong>Daph·</strong></span> 
     </span>
    </p>
   </div>
   <div class='ocr_carea' id='block_1_9' title="bbox 909 1773 1157 1838">
    <p class='ocr_par' dir='ltr' id='par_1_10' title="bbox 909 1773 1157 1838">
     <span class='ocr_line' id='line_1_21' title="bbox 909 1773 1157 1838; baseline 0.004 -11"><span class='ocrx_word' id='word_1_121' title='bbox 909 1773 978 1828; x_wconf 91' lang='lat' dir='ltr'><strong>nim.</strong></span> <span class='ocrx_word' id='word_1_122' title='bbox 1104 1786 1157 1838; x_wconf 87' lang='lat'><strong>100</strong></span> 
     </span>
    </p>
   </div>
   <div class='ocr_carea' id='block_1_10' title="bbox 163 1846 1023 1930">
    <p class='ocr_par' dir='ltr' id='par_1_11' title="bbox 163 1846 1023 1930">
     <span class='ocr_line' id='line_1_22' title="bbox 163 1846 1023 1930; baseline -0.001 -17"><span class='ocrx_word' id='word_1_123' title='bbox 163 1846 181 1868; x_wconf 85' lang='lat'><strong>&#39;&#39;</strong></span> <span class='ocrx_word' id='word_1_124' title='bbox 268 1853 325 1913; x_wconf 84' lang='lat' dir='ltr'><strong>Fer</strong></span> <span class='ocrx_word' id='word_1_125' title='bbox 349 1856 482 1922; x_wconf 87' lang='lat' dir='ltr'><strong>cineres,</strong></span> <span class='ocrx_word' id='word_1_126' title='bbox 504 1851 655 1930; x_wconf 68' lang='lat' dir='ltr'><strong>Aurarplli,</strong></span> <span class='ocrx_word' id='word_1_127' title='bbox 679 1852 758 1911; x_wconf 86' lang='lat' dir='ltr'><strong>ioras</strong></span> <span class='ocrx_word' id='word_1_128' title='bbox 779 1853 900 1929; x_wconf 87' lang='lat' dir='ltr'><strong>rivoque</strong></span> <span class='ocrx_word' id='word_1_129' title='bbox 922 1851 1023 1912; x_wconf 83' lang='lat' dir='ltr'><strong>fluenti</strong></span> 
     </span>
    </p>
   </div>
   <div class='ocr_carea' id='block_1_11' title="bbox 270 1935 1153 2181">
    <p class='ocr_par' dir='ltr' id='par_1_12' title="bbox 270 1935 1153 2181">
     <span class='ocr_line' id='line_1_23' title="bbox 270 1935 1153 2016; baseline 0.005 -22"><span class='ocrx_word' id='word_1_130' title='bbox 270 1947 408 2014; x_wconf 89' lang='lat' dir='ltr'><strong>transque</strong></span> <span class='ocrx_word' id='word_1_131' title='bbox 423 1946 510 2014; x_wconf 87' lang='lat' dir='ltr'><strong>caput</strong></span> <span class='ocrx_word' id='word_1_132' title='bbox 522 1939 593 2004; x_wconf 89' lang='lat' dir='ltr'><strong>iace,</strong></span> <span class='ocrx_word' id='word_1_133' title='bbox 615 1953 671 1995; x_wconf 91' lang='lat' dir='ltr'><strong>nec</strong></span> <span class='ocrx_word' id='word_1_134' title='bbox 685 1937 858 2011; x_wconf 77' lang='lat' dir='ltr'><strong>respexeris</strong></span> <span class='ocrx_word' id='word_1_135' title='bbox 879 1935 924 1994; x_wconf 95' lang='lat' dir='ltr'><strong>his</strong></span> <span class='ocrx_word' id='word_1_136' title='bbox 940 1953 994 2013; x_wconf 84' lang='lat' dir='ltr'><strong>ego</strong></span> <span class='ocrx_word' id='word_1_137' title='bbox 1008 1937 1153 2016; x_wconf 85' lang='lat' dir='ltr'><strong>Daphnim</strong></span> 
     </span>
     <span class='ocr_line' id='line_1_24' title="bbox 271 2018 1045 2096; baseline 0.001 -18"><span class='ocrx_word' id='word_1_138' title='bbox 271 2019 441 2096; x_wconf 82' lang='lat' dir='ltr'><strong>adgrediar;</strong></span> <span class='ocrx_word' id='word_1_139' title='bbox 464 2019 535 2078; x_wconf 93' lang='lat' dir='ltr'><strong>nihil</strong></span> <span class='ocrx_word' id='word_1_140' title='bbox 556 2018 604 2078; x_wconf 90' lang='lat' dir='ltr'><strong>ille</strong></span> <span class='ocrx_word' id='word_1_141' title='bbox 626 2018 714 2087; x_wconf 91' lang='lat' dir='ltr'><strong>deos,</strong></span> <span class='ocrx_word' id='word_1_142' title='bbox 737 2018 778 2077; x_wconf 92' lang='lat' dir='ltr'><strong>nil</strong></span> <span class='ocrx_word' id='word_1_143' title='bbox 801 2021 930 2079; x_wconf 91' lang='lat' dir='ltr'><strong>carmina</strong></span> <span class='ocrx_word' id='word_1_144' title='bbox 954 2029 1045 2080; x_wconf 89' lang='lat' dir='ltr'><strong>curat.</strong></span> 
     </span>
     <span class='ocr_line' id='line_1_25' title="bbox 314 2101 1151 2181; baseline 0.005 -19"><span class='ocrx_word' id='word_1_145' title='bbox 314 2101 1151 2181; x_wconf 71' lang='lat' dir='ltr'><strong>duciteahurhedomum,meacarminaducitciiaphuim.</strong></span> 
     </span>
    </p>
   </div>
   <div class='ocr_carea' id='block_1_12' title="bbox 164 2177 1152 2262">
    <p class='ocr_par' dir='ltr' id='par_1_13' title="bbox 164 2177 1152 2262">
     <span class='ocr_line' id='line_1_26' title="bbox 164 2177 1152 2262; baseline 0.012 -20"><span class='ocrx_word' id='word_1_146' title='bbox 164 2177 181 2200; x_wconf 88' lang='lat'><strong>‘&#39;</strong></span> <span class='ocrx_word' id='word_1_147' title='bbox 271 2187 391 2262; x_wconf 77' lang='lat' dir='ltr'><strong>Aspice:</strong></span> <span class='ocrx_word' id='word_1_148' title='bbox 414 2187 556 2262; x_wconf 89' lang='lat' dir='ltr'><strong>corripuit</strong></span> <span class='ocrx_word' id='word_1_149' title='bbox 577 2186 707 2246; x_wconf 85' lang='lat' dir='ltr'><strong>tremulis</strong></span> <span class='ocrx_word' id='word_1_150' title='bbox 729 2185 829 2246; x_wconf 87' lang='lat' dir='ltr'><strong>altaria</strong></span> <span class='ocrx_word' id='word_1_151' title='bbox 852 2186 977 2248; x_wconf 84' lang='lat' dir='ltr'><strong>flammis</strong></span> <span class='ocrx_word' id='word_1_152' title='bbox 1103 2203 1152 2254; x_wconf 76' lang='lat' dir='ltr'><strong>loa</strong></span> 
     </span>
    </p>
   </div>
   <div class='ocr_carea' id='block_1_13' title="bbox 272 2268 1154 2600">
    <p class='ocr_par' dir='ltr' id='par_1_14' title="bbox 273 2268 1152 2349">
     <span class='ocr_line' id='line_1_27' title="bbox 273 2268 1152 2349; baseline 0.007 -22"><span class='ocrx_word' id='word_1_153' title='bbox 273 2277 378 2345; x_wconf 90' lang='lat' dir='ltr'><strong>sponte</strong></span> <span class='ocrx_word' id='word_1_154' title='bbox 393 2288 459 2339; x_wconf 92' lang='lat' dir='ltr'><strong>sua,</strong></span> <span class='ocrx_word' id='word_1_155' title='bbox 478 2270 548 2330; x_wconf 92' lang='lat' dir='ltr'><strong>dum</strong></span> <span class='ocrx_word' id='word_1_156' title='bbox 563 2268 641 2329; x_wconf 80' lang='lat' dir='ltr'><strong>serre</strong></span> <span class='ocrx_word' id='word_1_157' title='bbox 656 2288 772 2338; x_wconf 88' lang='lat' dir='ltr'><strong>moror,</strong></span> <span class='ocrx_word' id='word_1_158' title='bbox 792 2272 864 2330; x_wconf 90' lang='lat' dir='ltr'><strong>cinis</strong></span> <span class='ocrx_word' id='word_1_159' title='bbox 879 2273 950 2349; x_wconf 91' lang='lat' dir='ltr'><strong>ipse.</strong></span> <span class='ocrx_word' id='word_1_160' title='bbox 974 2272 1084 2333; x_wconf 90' lang='lat' dir='ltr'><strong>honum</strong></span> <span class='ocrx_word' id='word_1_161' title='bbox 1100 2275 1152 2333; x_wconf 92' lang='lat' dir='ltr'><strong>sit!</strong></span> 
     </span>
    </p>

    <p class='ocr_par' dir='ltr' id='par_1_15' title="bbox 272 2352 1055 2432">
     <span class='ocr_line' id='line_1_28' title="bbox 272 2352 1055 2432; baseline 0.005 -22"><span class='ocrx_word' id='word_1_162' title='bbox 272 2355 371 2412; x_wconf 91' lang='lat' dir='ltr'><strong>nescio</strong></span> <span class='ocrx_word' id='word_1_163' title='bbox 393 2353 462 2431; x_wconf 90' lang='lat' dir='ltr'><strong>quid</strong></span> <span class='ocrx_word' id='word_1_164' title='bbox 485 2359 606 2422; x_wconf 84' lang='lat' dir='ltr'><strong>certost,</strong></span> <span class='ocrx_word' id='word_1_165' title='bbox 630 2361 659 2412; x_wconf 89' lang='lat' dir='ltr'><strong>et</strong></span> <span class='ocrx_word' id='word_1_166' title='bbox 679 2352 767 2432; x_wconf 81' lang='lat' dir='ltr'><strong>Hylas</strong></span> <span class='ocrx_word' id='word_1_167' title='bbox 789 2355 819 2413; x_wconf 92' lang='lat' dir='ltr'><strong>in</strong></span> <span class='ocrx_word' id='word_1_168' title='bbox 840 2353 940 2416; x_wconf 91' lang='lat' dir='ltr'><strong>limine</strong></span> <span class='ocrx_word' id='word_1_169' title='bbox 962 2355 1055 2416; x_wconf 89' lang='lat' dir='ltr'><strong>latrat.</strong></span> 
     </span>
    </p>

    <p class='ocr_par' dir='ltr' id='par_1_16' title="bbox 273 2436 1154 2600">
     <span class='ocr_line' id='line_1_29' title="bbox 273 2436 1154 2515; baseline 0.007 -21"><span class='ocrx_word' id='word_1_170' title='bbox 273 2436 438 2496; x_wconf 79' lang='lat' dir='ltr'><strong>credimus?</strong></span> <span class='ocrx_word' id='word_1_171' title='bbox 465 2455 503 2497; x_wconf 90' lang='lat' dir='ltr'><strong>an</strong></span> <span class='ocrx_word' id='word_1_172' title='bbox 525 2439 575 2515; x_wconf 92' lang='lat' dir='ltr'><strong>qui</strong></span> <span class='ocrx_word' id='word_1_173' title='bbox 596 2444 710 2506; x_wconf 83' lang='lat' dir='ltr'><strong>amant,</strong></span> <span class='ocrx_word' id='word_1_174' title='bbox 733 2439 789 2514; x_wconf 91' lang='lat' dir='ltr'><strong>ipsi</strong></span> <span class='ocrx_word' id='word_1_175' title='bbox 811 2439 866 2498; x_wconf 89' lang='lat' dir='ltr'><strong>sihi</strong></span> <span class='ocrx_word' id='word_1_176' title='bbox 889 2441 1000 2500; x_wconf 88' lang='lat' dir='ltr'><strong>somnia</strong></span> <span class='ocrx_word' id='word_1_177' title='bbox 1021 2439 1154 2514; x_wconf 74' lang='lat' dir='ltr'><strong>fingunt?</strong></span> 
     </span>
     <span class='ocr_line' id='line_1_30' title="bbox 313 2520 1151 2600; baseline 0.004 -20"><span class='ocrx_word' id='word_1_178' title='bbox 313 2522 433 2598; x_wconf 91' lang='lat' dir='ltr'><strong>parcite,</strong></span> <span class='ocrx_word' id='word_1_179' title='bbox 442 2521 478 2580; x_wconf 83' lang='lat' dir='ltr'><strong>ab</strong></span> <span class='ocrx_word' id='word_1_180' title='bbox 491 2520 567 2581; x_wconf 89' lang='lat' dir='ltr'><strong>urbe</strong></span> <span class='ocrx_word' id='word_1_181' title='bbox 578 2521 664 2590; x_wconf 88' lang='lat' dir='ltr'><strong>venit,</strong></span> <span class='ocrx_word' id='word_1_182' title='bbox 672 2522 856 2598; x_wconf 85' lang='lat' dir='ltr'><strong>iamparcite,</strong></span> <span class='ocrx_word' id='word_1_183' title='bbox 865 2525 1002 2591; x_wconf 78' lang='lat' dir='ltr'><strong>carmina</strong></span> <span class='ocrx_word' id='word_1_184' title='bbox 1012 2522 1151 2600; x_wconf 84' lang='lat' dir='ltr'><strong>Daphnis.</strong></span> 
     </span>
    </p>
   </div>
   <div class='ocr_carea' id='block_1_14' title="bbox 618 2777 677 2863">
    <p class='ocr_par' dir='ltr' id='par_1_17' title="bbox 618 2777 677 2863">
     <span class='ocr_line' id='line_1_31' title="bbox 618 2777 677 2863; baseline 0.034 -2"><span class='ocrx_word' id='word_1_185' title='bbox 618 2777 677 2863; x_wconf 89' lang='lat' dir='ltr'><strong>IX</strong></span> 
     </span>
    </p>
   </div>
   <div class='ocr_carea' id='block_1_15' title="bbox 478 2923 823 2976">
    <p class='ocr_par' dir='ltr' id='par_1_18' title="bbox 478 2923 823 2976">
     <span class='ocr_line' id='line_1_32' title="bbox 478 2923 823 2976; baseline 0.02 -7"><span class='ocrx_word' id='word_1_186' title='bbox 478 2923 620 2972; x_wconf 69' lang='lat' dir='ltr'><strong>nucmhs.</strong></span> <span class='ocrx_word' id='word_1_187' title='bbox 692 2929 823 2976; x_wconf 75' lang='lat' dir='ltr'><strong>mom.</strong></span> 
     </span>
    </p>
   </div>
   <div class='ocr_carea' id='block_1_16' title="bbox 271 3022 1153 3520">
    <p class='ocr_par' dir='ltr' id='par_1_19' title="bbox 271 3022 1153 3520">
     <span class='ocr_line' id='line_1_33' title="bbox 271 3022 1153 3102; baseline 0.003 -19"><span class='ocrx_word' id='word_1_188' title='bbox 271 3023 306 3083; x_wconf 88' lang='lat' dir='ltr'><strong>L.</strong></span> <span class='ocrx_word' id='word_1_189' title='bbox 322 3024 386 3092; x_wconf 85' lang='lat' dir='ltr'><strong>Quo</strong></span> <span class='ocrx_word' id='word_1_190' title='bbox 401 3030 438 3091; x_wconf 92' lang='lat' dir='ltr'><strong>te,</strong></span> <span class='ocrx_word' id='word_1_191' title='bbox 452 3022 553 3092; x_wconf 89' lang='lat' dir='ltr'><strong>Moeri,</strong></span> <span class='ocrx_word' id='word_1_192' title='bbox 569 3025 677 3100; x_wconf 79' lang='lat' dir='ltr'><strong>pedes?</strong></span> <span class='ocrx_word' id='word_1_193' title='bbox 694 3042 740 3092; x_wconf 90' lang='lat' dir='ltr'><strong>an,</strong></span> <span class='ocrx_word' id='word_1_194' title='bbox 757 3042 815 3102; x_wconf 91' lang='lat' dir='ltr'><strong>quo</strong></span> <span class='ocrx_word' id='word_1_195' title='bbox 830 3025 874 3082; x_wconf 84' lang='lat' dir='ltr'><strong>ria</strong></span> <span class='ocrx_word' id='word_1_196' title='bbox 885 3022 973 3091; x_wconf 88' lang='lat' dir='ltr'><strong>ducit,</strong></span> <span class='ocrx_word' id='word_1_197' title='bbox 985 3023 1015 3081; x_wconf 89' lang='lat' dir='ltr'><strong>in</strong></span> <span class='ocrx_word' id='word_1_198' title='bbox 1026 3023 1153 3089; x_wconf 78' lang='lat' dir='ltr'><strong>urbemi</strong></span> 
     </span>
     <span class='ocr_line' id='line_1_34' title="bbox 271 3104 1053 3185; baseline 0.001 -20"><span class='ocrx_word' id='word_1_199' title='bbox 271 3106 315 3165; x_wconf 90' lang='lat' dir='ltr'><strong>M.</strong></span> <span class='ocrx_word' id='word_1_200' title='bbox 339 3104 362 3165; x_wconf 89' lang='lat'>0</span> <span class='ocrx_word' id='word_1_201' title='bbox 384 3105 506 3184; x_wconf 80' lang='lat' dir='ltr'><strong>Lycida,</strong></span> <span class='ocrx_word' id='word_1_202' title='bbox 530 3108 585 3167; x_wconf 88' lang='lat' dir='ltr'><strong>vivi</strong></span> <span class='ocrx_word' id='word_1_203' title='bbox 605 3107 805 3185; x_wconf 89' lang='lat' dir='ltr'><strong>pervenimus,</strong></span> <span class='ocrx_word' id='word_1_204' title='bbox 829 3106 938 3166; x_wconf 89' lang='lat' dir='ltr'><strong>advena</strong></span> <span class='ocrx_word' id='word_1_205' title='bbox 959 3109 1053 3166; x_wconf 90' lang='lat' dir='ltr'><strong>nostri</strong></span> 
     </span>
     <span class='ocr_line' id='line_1_35' title="bbox 273 3188 1114 3269; baseline 0.007 -22"><span class='ocrx_word' id='word_1_206' title='bbox 273 3188 361 3266; x_wconf 84' lang='lat' dir='ltr'><strong>(quod</strong></span> <span class='ocrx_word' id='word_1_207' title='bbox 383 3208 542 3269; x_wconf 89' lang='lat' dir='ltr'><strong>numquam</strong></span> <span class='ocrx_word' id='word_1_208' title='bbox 563 3193 646 3251; x_wconf 84' lang='lat' dir='ltr'><strong>veriti</strong></span> <span class='ocrx_word' id='word_1_209' title='bbox 667 3190 776 3267; x_wconf 84' lang='lat' dir='ltr'><strong>sumus)</strong></span> <span class='ocrx_word' id='word_1_210' title='bbox 799 3196 832 3249; x_wconf 91' lang='lat' dir='ltr'><strong>ut</strong></span> <span class='ocrx_word' id='word_1_211' title='bbox 852 3207 1006 3267; x_wconf 89' lang='lat' dir='ltr'><strong>possessor</strong></span> <span class='ocrx_word' id='word_1_212' title='bbox 1028 3189 1114 3266; x_wconf 83' lang='lat' dir='ltr'><strong>agelli</strong></span> 
     </span>
     <span class='ocr_line' id='line_1_36' title="bbox 271 3271 1093 3348; baseline 0.001 -16"><span class='ocrx_word' id='word_1_213' title='bbox 271 3271 381 3333; x_wconf 91' lang='lat' dir='ltr'><strong>diceret</strong></span> <span class='ocrx_word' id='word_1_214' title='bbox 403 3275 485 3334; x_wconf 82' lang='lat' dir='ltr'><strong>‘haec</strong></span> <span class='ocrx_word' id='word_1_215' title='bbox 506 3292 571 3334; x_wconf 92' lang='lat' dir='ltr'><strong>mea</strong></span> <span class='ocrx_word' id='word_1_216' title='bbox 593 3280 675 3341; x_wconf 89' lang='lat' dir='ltr'><strong>sunt;</strong></span> <span class='ocrx_word' id='word_1_217' title='bbox 697 3280 811 3332; x_wconf 86' lang='lat' dir='ltr'><strong>veteres</strong></span> <span class='ocrx_word' id='word_1_218' title='bbox 832 3274 955 3348; x_wconf 88' lang='lat' dir='ltr'><strong>migrate</strong></span> <span class='ocrx_word' id='word_1_219' title='bbox 978 3272 1093 3334; x_wconf 63' lang='lat' dir='ltr'><strong>coloni!</strong></span> 
     </span>
     <span class='ocr_line' id='line_1_37' title="bbox 272 3355 1150 3434; baseline 0.001 -19"><span class='ocrx_word' id='word_1_220' title='bbox 272 3374 350 3416; x_wconf 90' lang='lat' dir='ltr'><strong>nunc</strong></span> <span class='ocrx_word' id='word_1_221' title='bbox 373 3359 439 3418; x_wconf 89' lang='lat' dir='ltr'><strong>victi</strong></span> <span class='ocrx_word' id='word_1_222' title='bbox 461 3360 571 3426; x_wconf 80' lang='lat' dir='ltr'><strong>histes,</strong></span> <span class='ocrx_word' id='word_1_223' title='bbox 595 3356 731 3434; x_wconf 89' lang='lat' dir='ltr'><strong>quoniam</strong></span> <span class='ocrx_word' id='word_1_224' title='bbox 752 3355 827 3416; x_wconf 86' lang='lat' dir='ltr'><strong>Fors</strong></span> <span class='ocrx_word' id='word_1_225' title='bbox 849 3358 944 3416; x_wconf 92' lang='lat' dir='ltr'><strong>omnia</strong></span> <span class='ocrx_word' id='word_1_226' title='bbox 967 3366 1072 3428; x_wconf 90' lang='lat' dir='ltr'><strong>versat,</strong></span> <span class='ocrx_word' id='word_1_227' title='bbox 1132 3374 1150 3424; x_wconf 81' lang='lat'>5</span> 
     </span>
     <span class='ocr_line' id='line_1_38' title="bbox 272 3437 1100 3520; baseline 0.004 -22"><span class='ocrx_word' id='word_1_228' title='bbox 272 3440 327 3498; x_wconf 91' lang='lat' dir='ltr'><strong>hos</strong></span> <span class='ocrx_word' id='word_1_229' title='bbox 348 3440 389 3501; x_wconf 88' lang='lat' dir='ltr'><strong>illi</strong></span> <span class='ocrx_word' id='word_1_230' title='bbox 411 3442 499 3520; x_wconf 82' lang='lat' dir='ltr'><strong>(quod</strong></span> <span class='ocrx_word' id='word_1_231' title='bbox 520 3458 576 3501; x_wconf 92' lang='lat' dir='ltr'><strong>nec</strong></span> <span class='ocrx_word' id='word_1_232' title='bbox 597 3444 690 3498; x_wconf 84' lang='lat' dir='ltr'><strong>vertat</strong></span> <span class='ocrx_word' id='word_1_233' title='bbox 710 3437 796 3520; x_wconf 88' lang='lat' dir='ltr'><strong>hene)</strong></span> <span class='ocrx_word' id='word_1_234' title='bbox 819 3443 959 3504; x_wconf 89' lang='lat' dir='ltr'><strong>mittimus</strong></span> <span class='ocrx_word' id='word_1_235' title='bbox 980 3442 1100 3503; x_wconf 92' lang='lat' dir='ltr'><strong>haedos.</strong></span> 
     </span>
    </p>
   </div>
   <div class='ocr_carea' id='block_1_17' title="bbox 0 0 1215 3878">
    <p class='ocr_par' dir='ltr' id='par_1_20' title="bbox 0 0 1215 3878">
     <span class='ocr_line' id='line_1_39' title="bbox 0 0 1215 3878; baseline 0 0"><span class='ocrx_word' id='word_1_236' title='bbox 0 0 1215 3878; x_wconf 95' lang='lat' dir='ltr'><strong> </strong></span> 
     </span>
    </p>
   </div>
  </div>
 </body>
</html>
