2400 3878
428 246 776 298 vesornrsmmrssrr
1040 233 1099 300 ³41

103 420 160 484 qua
180 405 256 464 venti
277 403 449 473 incubuere,
472 404 571 481 sugam
592 403 661 464 dant
681 403 780 465 nubila
801 401 897 465 caelo:

102 488 143 547 sic
165 485 275 557 Turno,
297 505 482 566 quacumque
504 491 578 548 viam
597 494 685 556 secat,
697 488 821 564 agmina
841 487 947 548 cedunt

102 587 317 649 conversaeque
339 577 429 632 ruunt
450 571 540 639 acies:
564 570 623 632 tert
643 570 768 648 impetus
790 572 895 649 ipsum,

102 661 131 714 et
151 653 269 720 cristam
292 654 413 722 adverso
435 671 525 714 curru
547 655 638 733 quatit
660 672 731 714 aura
751 654 904 715 volantem.

104 753 164 796 non
186 735 251 799 tulit
272 739 427 811 instantem
447 737 582 814 Phegeus
602 737 761 816 animisque
781 739 970 798 frementem:

101 818 207 894 obiecit
227 838 292 880 sese
312 821 348 881 ad
368 837 487 881 currum
512 829 539 880 et
561 823 726 898 spumantia
748 820 837 882 frenis

102 919 153 961 ora
175 904 328 963 citatorum
352 904 452 964 dextra
475 903 596 963 detorsit
617 921 769 982 equorum.

102 985 170 1045 dum
191 985 315 1046 trabitur
334 987 500 1066 pendetque
520 986 602 1064 iugis,
621 986 700 1048 hunc
722 985 779 1048 lata
796 994 937 1058 retectum

101 1066 201 1129 lancea
223 1071 410 1150 consequitur
431 1071 598 1150 rumpitque
619 1071 706 1130 infixa
728 1069 845 1132 bilicem

101 1149 222 1238 loricam
243 1160 272 1213 et
293 1171 441 1213 summum
463 1153 596 1230 degustat
615 1153 734 1217 volnere
757 1172 873 1232 corpus.

97 1229 148 1315 ille
168 1242 266 1296 tamen
286 1234 380 1314 clipeo
401 1236 524 1297 obiecto
538 1254 696 1299 conversus
715 1241 746 1298 in
767 1238 879 1299 hostem

101 1316 161 1377 ibat
182 1325 212 1378 et
232 1318 370 1380 auxilinm
393 1319 480 1380 ducto
502 1338 643 1381 mucrone
661 1319 794 1400 petebat:

102 1418 169 1461 cum
191 1408 255 1461 rota
277 1404 465 1479 praecipitem
486 1410 514 1462 et
532 1421 677 1481 procursu
699 1405 830 1464 concitus
850 1405 910 1463 axis

101 1483 214 1563 Mpulit
234 1485 412 1564 effunditque
432 1483 504 1554 solo,
525 1485 700 1563 Turnusque
721 1493 838 1547 secutus

102 1568 189 1627 imam
210 1569 286 1628 inter
308 1567 421 1646 galeam
442 1568 549 1628 summi
569 1569 697 1628 thoracis
718 1577 746 1629 et
765 1586 831 1628 oras

101 1649 219 1712 abstulit
238 1669 307 1712 ense
327 1658 413 1729 caput
433 1657 628 1729 truncumque
649 1650 766 1730 reliquit
786 1651 923 1712 harenae.

142 1733 237 1811 Atque
259 1752 292 1795 ea
314 1735 385 1795 dum
408 1735 517 1812 campis
538 1734 629 1794 victor
647 1734 697 1794 dat
717 1735 819 1795 lunera
840 1734 967 1803 Turnus,

100 1815 211 1877 interea
232 1819 351 1879 Aenean
372 1817 539 1878 Mnestheus
561 1826 590 1879 et
608 1818 683 1878 lidus
703 1817 827 1879 Achates

100 1900 298 1980 Ascaniusque
320 1919 418 1962 comes
440 1902 542 1962 castris
563 1908 690 1963 statuere
712 1910 874 1971 cruentum,

102 1981 230 2043 alternos
249 1983 335 2063 longa
358 1986 497 2046 nitentem
517 1985 636 2063 cuspide
657 2004 782 2064 gressus.

101 2070 191 2126 saevit
212 2075 241 2127 et
260 2069 385 2128 infracta
404 2067 531 2129 luctatur
553 2064 826 2131 harundinetelum

104 2150 219 2229 eripere
241 2151 405 2230 auxilioque
426 2154 511 2222 viam,
535 2171 609 2231 quae
630 2155 771 2230 proxima,
792 2155 886 2231 poscit

101 2250 170 2293 ense
189 2244 288 2296 secent
309 2234 367 2295 lato
389 2233 491 2295 volnus
513 2235 621 2313 telique
642 2236 783 2297 latebram

100 2316 266 2378 rescindant
286 2319 402 2396 penitus
424 2336 547 2397 seseque
568 2321 599 2378 in
620 2317 695 2379 bella
717 2321 874 2379 remittant.

100 2400 216 2477 iamque
238 2401 339 2460 aderat
360 2399 480 2460 Phoebo
497 2408 564 2461 ante
585 2399 658 2460 alios
681 2400 803 2460 dilectus
824 2401 910 2478 Iapyx

99 2483 216 2554 Iasides,
239 2483 299 2542 acri
322 2482 468 2559 quondam
490 2482 559 2559 quoi
580 2489 681 2559 captus
700 2499 799 2542 amore

100 2567 163 2643 ipse
183 2582 252 2625 suas
278 2575 365 2632 artes,
389 2581 441 2623 sna
463 2582 594 2633 munera,
617 2563 709 2624 laetus
731 2564 833 2642 Apollo

100 2649 256 2724 augurium
276 2646 475 2723 citharamque
497 2646 585 2706 dabat
606 2645 769 2724 celerisque
792 2649 917 2725 sagittas.

100 2727 149 2789 ille
167 2736 199 2789 ut
219 2730 341 2807 depositi
361 2729 509 2806 proferret
531 2730 589 2790 lata
610 2731 748 2807 parentis,

99 2812 175 2873 scire
192 2819 350 2890 potestates
373 2811 532 2873 herbarum
554 2831 699 2891 usumque
720 2814 857 2875 medendi

99 2895 201 2956 maluit
223 2904 252 2958 et
270 2904 366 2957 mutas
389 2897 498 2975 agitare
519 2897 661 2975 inglorius
682 2907 768 2958 artes.

99 2979 194 3040 stabat
212 2981 318 3043 acerba
340 2981 477 3051 fremens,
496 2983 644 3059 ingentem
665 2983 750 3044 nixus
773 2983 802 3043 in
823 2982 935 3044 hastam

99 3063 211 3124 Aeneas
231 3082 337 3142 magno
358 3068 495 3128 iuvenum
517 3074 545 3126 et
561 3068 716 3128 maerentis
734 3066 789 3128 luli

100 3163 255 3217 concursu,
278 3148 407 3210 lacrimis
428 3149 583 3210 inmobilis.
617 3149 665 3211 ille
687 3158 798 3211 retorto

99 3228 258 3290 Paeonium
276 3233 306 3291 in
327 3251 440 3294 morem
463 3233 560 3313 senior
582 3233 746 3294 succinctus
765 3232 869 3292 amictu

100 3311 191 3373 mtdta
213 3331 301 3373 manu
322 3317 436 3377 medica
458 3315 628 3392 Phoebique
649 3312 938 3394 potentibusherbis

99 3396 276 3472 nequiquam
296 3400 431 3476 trepidat,
453 3401 630 3478 nequiquam
652 3397 762 3476 spicula
784 3396 884 3457 derha

101 3478 235 3540 sollicitat
257 3491 434 3562 prensatque
455 3481 551 3542 tenaci
572 3481 684 3559 forcipe
703 3481 825 3542 terrum.
