2400 3878
144 448 204 516 bic,
230 449 278 525 qui
300 447 374 507 sorte
396 446 482 506 velint
505 445 606 522 rapido
629 443 805 505 contendere
825 462 929 515 cursu,

143 533 241 591 invitat
264 531 364 607 pretiis
386 532 511 597 animos,
533 536 561 589 et
578 529 706 605 praemia
727 529 817 604 ponit.

143 614 271 692 undique
294 614 467 674 conveniunt
488 612 594 671 Teucri
616 612 754 689 mixtique
777 610 887 680 Sicani,

143 697 229 758 Nisus
251 703 279 756 et
298 696 439 774 Euryalus
458 696 558 773 primi,

144 779 284 858 Euryalus
307 779 399 839 torma
421 780 540 855 insignis
562 777 703 853 viridique
722 778 852 846 iuventa,

144 863 229 924 Nisus
250 880 349 922 amore
366 865 414 940 pio
435 863 534 939 pueri;
558 878 631 938 quos
653 860 756 921 deinde
776 867 892 921 secutus

142 948 240 1021 regius
262 946 377 1022 egregia
397 945 504 1004 Priami
525 944 561 1004 de
583 944 672 1020 stirpe
694 943 810 1011 Diores;

143 1029 221 1089 bunc
240 1027 333 1088 Salius
353 1028 438 1088 simul
460 1036 489 1088 et
507 1027 629 1096 Patron,
648 1045 773 1104 quorum
795 1026 866 1086 alter
887 1028 1036 1100 Acarnan,

142 1110 214 1171 alter
233 1111 268 1170 ab
288 1111 411 1171 Arcadio
433 1111 582 1188 Tegeaeae
604 1111 743 1187 sanguine
765 1110 871 1188 gentis;

142 1200 203 1254 tum
222 1194 279 1254 duo
301 1194 443 1255 Trinacrii
465 1196 583 1254 iuvenes
599 1191 738 1272 Helymus
760 1193 964 1273 Panopesque,

142 1277 254 1338 adsueti
275 1276 365 1345 siluis,
386 1278 506 1337 comites
527 1277 650 1338 senioris
670 1276 806 1345 Acestam

141 1359 223 1421 murlti
245 1369 412 1438 praeterea,
436 1377 508 1438 quos
532 1360 608 1420 lama
631 1359 756 1420 obscura
777 1359 916 1420 recondit.

140 1444 252 1505 Aeneas
275 1443 381 1522 quibus
402 1445 432 1503 in
454 1443 555 1504 mediis
576 1443 619 1504 sic
638 1443 743 1504 deinde
764 1442 892 1504 locutus:

142 1529 277 1605 ‘accipite
298 1529 371 1588 haec
392 1529 495 1589 animis
516 1526 664 1605 laetasque
686 1526 826 1586 advertite
846 1533 967 1588 mentes.

140 1628 227 1670 nemo
250 1631 284 1671 er
303 1611 359 1671 boc
377 1629 499 1671 numero
522 1611 592 1671 mihi
612 1628 671 1670 non
692 1610 815 1670 donatus
837 1608 934 1670 abibit.

141 1693 242 1753 Cnosia
266 1693 331 1753 bina
355 1692 430 1754 dabo
452 1693 545 1754 levato
566 1693 661 1754 lucida
681 1694 759 1753 terro

140 1776 249 1852 spicula
273 1776 470 1855 caelatamque
493 1783 613 1854 argento
636 1776 715 1837 terre
733 1776 904 1854 bipennem:

140 1858 273 1918 omuibus
295 1859 342 1919 hic
365 1860 419 1919 erit
439 1877 513 1919 unus
536 1860 638 1919 honos.
682 1867 742 1920 tres
764 1861 892 1937 praemia
912 1861 1000 1937 prlmi

140 1944 282 2018 accipient
301 1941 432 2018 flavaque
454 1949 543 2021 caput
564 1949 718 2002 nectentur
739 1942 821 2002 oliva.

139 2026 250 2101 primus
273 2044 356 2085 ecum
377 2024 505 2102 phaleris
527 2027 668 2102 insignem
691 2026 782 2086 victor
803 2025 925 2094 habeto;

139 2107 210 2167 alter
231 2109 417 2168 Amazoniam
435 2109 602 2186 pharetram
625 2108 800 2186 plenamque
821 2109 929 2188 sagittis

138 2189 311 2268 Thraeiciis‚
321 2190 378 2252 lato
399 2210 485 2269 quam
510 2195 620 2254 circum
642 2191 825 2271 amplectitur
845 2210 916 2252 auro

138 2272 251 2334 balteus
272 2284 300 2334 et
321 2276 405 2335 tereti
428 2274 573 2337 subnectit
595 2275 681 2336 fibula
704 2293 833 2353 gemma:

137 2359 239 2417 tertius
262 2357 395 2436 Argolica
414 2359 469 2419 hac
492 2359 572 2438 galea
595 2366 749 2420 contentus
770 2357 871 2419 abito!

136 2440 209 2501 haec
228 2440 279 2502 ubi
298 2442 389 2511 dicta,
411 2441 507 2503 locum
528 2445 644 2522 capiunt
665 2444 806 2521 signoque
823 2449 943 2519 repente

137 2525 298 2602 corripiunt
317 2528 408 2603 spatia
429 2527 525 2586 audito
546 2525 693 2604 limenque
713 2525 870 2595 relincunt,

136 2608 219 2667 effusi
241 2608 340 2669 nimbo
363 2608 485 2677 similes:
509 2609 594 2671 simul
614 2610 714 2672 ultima
736 2610 858 2688 signant.

135 2692 247 2766 primus
268 2690 327 2751 abit
349 2690 494 2770 longeque
514 2702 579 2754 ante
602 2696 698 2754 omnia
721 2710 844 2771 corpora
865 2691 951 2753 Nisus

136 2774 252 2843 emicat,
277 2781 304 2834 et
325 2776 417 2834 ventis
438 2782 466 2836 et
484 2776 610 2837 fulminis
633 2779 712 2836 ocior
731 2776 799 2845 alis;

134 2858 286 2930 proximus
306 2857 390 2927 huic,
412 2856 499 2935 longo
518 2857 567 2919 sed
583 2860 731 2936 proximus
754 2857 920 2926 intervallo,
1101 2871 1156 2929 sn

134 2938 294 3015 insequitur
317 2939 424 3008 Salius;
447 2943 540 3017 spatio
559 2952 625 3019 post
644 2942 748 3002 deiude
769 2942 872 3003 relicto

134 3021 236 3080 tertius
259 3021 416 3100 Euryalum

136 3101 349 3183 Euryalumque
371 3104 507 3183 llelpmus
529 3107 674 3184 sequitur;
696 3126 753 3185 quo
776 3109 881 3170 deinde
906 3110 961 3170 sub
981 3110 1049 3190 ipso

136 3203 204 3245 ecce
223 3185 299 3246 volat
320 3186 487 3266 calcemque
507 3189 574 3248 terit
594 3191 651 3249 iam
673 3189 752 3251 calce
773 3192 876 3253 Diores

132 3267 305 3330 incumbens
321 3288 438 3338 umero,
460 3283 551 3348 spatia
575 3280 603 3332 et
625 3274 649 3332 si
668 3273 752 3352 plura
775 3277 937 3353 supersint.
1102 3288 1156 3349 m

132 3357 259 3412 transeat
280 3352 394 3430 elapsus
416 3354 496 3431 prior
518 3354 743 3436 ambiguumque
766 3357 920 3436 relinquat.

132 3432 246 3512 iamque
267 3436 328 3496 iere
348 3436 440 3514 spatio
462 3443 593 3498 extremo
613 3440 740 3519 fessique
762 3440 816 3501 sub
836 3442 930 3520 ipsam
