2400 3878
129 153 192 215 ²76
467 161 609 209 vunorur
627 160 751 209 enuere
767 162 804 208 rx

130 321 221 383 audiit
242 328 271 380 et
292 317 365 380 caell
387 318 503 394 genitor
526 316 562 377 dc
584 324 666 394 parte
687 333 791 377 serena

130 405 255 465 Intonuit
277 403 398 471 laevom,
422 409 507 461 sonat
528 418 585 460 una
604 401 699 460 latiier
721 418 822 461 arcus:

131 490 231 565 effugit
253 487 435 547 horrendum
457 485 584 545 stridens
606 485 731 545 adducta
753 485 856 559 sagitta

131 590 245 652 perque
265 577 353 650 caput
376 566 489 631 Remuli
510 570 588 628 venit
608 576 637 628 et
660 586 729 629 cava
749 576 881 646 tempora
905 567 983 628 ferro

130 656 273 733 transigit.
306 656 339 723 ‘i,
363 653 460 714 verbis
481 653 615 713 virtutem
633 651 734 712 inlude
755 650 903 730 superbis!

131 738 176 799 bis
198 739 274 816 capti
295 737 426 816 Phryges
448 737 521 796 haec
542 734 657 796 Rutulis
679 753 819 814 responsa
839 737 1009 798 remittunt!

132 822 189 882 hoc
209 830 321 881 tantum
343 821 493 882 Ascanius.
528 819 634 881 Teucri
657 819 784 880 clamore
806 828 945 880 secuntur

131 904 297 983 laetitiaque
319 905 447 965 tremunt
464 905 635 980 animosque
656 904 692 963 ad
714 904 810 964 sidera
832 903 945 965 tollunt.

133 988 260 1049 aetheria
282 996 343 1048 tum
366 989 441 1048 torte
463 988 547 1066 plaga
570 988 689 1048 crinitus
710 986 813 1065 Apollo

133 1072 260 1150 desuper
277 1074 420 1132 Ausonias
442 1073 520 1132 acies
538 1071 702 1149 urbemque
723 1070 849 1141 videbat,

133 1155 213 1215 nube
234 1155 347 1232 sedens,
372 1163 458 1234 atque
479 1154 523 1214 his
544 1156 684 1214 victorem
706 1155 820 1216 adfatur
841 1153 951 1218 lulum:

134 1246 244 1299 ‘macte
263 1257 336 1299 nova
361 1241 474 1308 virtute,
496 1255 587 1316 puer:
611 1239 653 1298 sic
675 1239 733 1298 itur
756 1239 792 1299 ad
814 1247 900 1310 astra,

133 1322 177 1383 dis
195 1324 290 1400 genite
308 1332 336 1383 et
359 1323 493 1399 geniture
518 1322 597 1382 deos.
633 1324 697 1383 iure
715 1325 812 1382 omnia
832 1322 908 1384 bella

135 1414 222 1485 gente
243 1405 298 1469 sub
318 1408 452 1467 Assaraci
474 1408 533 1467 lato
555 1414 677 1467 ventura
697 1406 836 1476 resident,

135 1508 190 1550 uec
209 1499 239 1551 te
260 1490 347 1551 Troia
370 1492 465 1569 capit'
498 1488 585 1551 simul
605 1490 678 1552 haec
700 1491 802 1553 effatus
824 1491 860 1551 ab
882 1489 938 1552 alto

134 1574 253 1635 aethere
274 1593 305 1635 sc
327 1575 412 1644 misit,
435 1576 572 1653 spirantis
592 1576 718 1637 dimovet
739 1592 825 1635 auras

133 1659 348 1736 Ascaniumque
368 1661 448 1736 petit.
479 1660 657 1719 formatum
679 1662 802 1719 vertitur
824 1660 884 1718 oris

134 1743 285 1816 antiquom
304 1744 332 1802 in
353 1742 446 1803 Buten
470 1742 527 1821 (hic
550 1742 694 1803 Dardanio
717 1743 859 1803 Anchisae

136 1826 263 1900 armiger
285 1833 351 1884 ante
375 1826 428 1884 luit
450 1826 583 1901 fidusque
607 1827 643 1884 ad
664 1825 764 1885 limina
787 1834 893 1895 custos,

134 1913 197 1966 tum
216 1909 352 1967 comitem
374 1909 498 1968 Ascanio
521 1918 605 1986 pater
625 1908 754 1986 addidit).
788 1909 848 1969 ibat
869 1910 973 1991 Apollo

135 1992 232 2049 omnia
255 1990 395 2067 longaevo
417 1991 527 2058 similis,
548 2008 708 2069 vocemque
729 1990 916 2072 coloremque

136 2080 164 2135 et
186 2075 274 2133 crinis
296 2074 378 2134 albos
401 2081 430 2135 ot
451 2092 534 2135 saeva
556 2075 712 2136 sonoribus
734 2093 824 2145 arma,

135 2164 221 2236 atque
243 2157 288 2217 his
310 2159 462 2217 ardentem
483 2159 566 2219 dictis
584 2158 699 2220 adfatur
720 2159 829 2220 lulum:

136 2242 187 2301 ‘sit
213 2242 292 2311 satis,
313 2242 433 2312 Aenide,
454 2241 519 2302 tells
541 2244 651 2322 inpune
673 2243 839 2304 Numanum

135 2325 292 2403 oppetiisse
309 2328 384 2394 tuis;
406 2328 531 2405 primam
552 2327 628 2387 hanc
646 2326 699 2387 tibi
720 2344 844 2404 magnus
867 2325 968 2406 hpollo

135 2409 271 2469 concedit
291 2409 409 2471 laudem
432 2418 461 2472 ct
481 2411 602 2491 paribus
623 2429 683 2472 non
705 2411 813 2473 invidet
834 2412 939 2472 armis:

136 2500 234 2553 cetera
253 2512 351 2572 parce,
370 2513 454 2575 puer,
477 2495 573 2559 bollo!
606 2498 649 2558 sic
670 2515 754 2558 orsus
776 2495 880 2576 Apollo

135 2577 266 2638 mortalis
287 2581 384 2640 medio
407 2589 542 2658 aspectus
564 2598 701 2642 sermone
718 2581 836 2662 reliquit

136 2670 165 2722 et
183 2662 286 2740 procul
306 2664 336 2722 in
355 2672 473 2725 tenuem
496 2685 531 2726 ex
553 2667 646 2727 oculis
668 2668 785 2727 evanuit
803 2682 913 2727 auram,

136 2744 302 2822 adgnovere
324 2747 412 2808 deum
435 2768 575 2827 proceres
597 2751 750 2828 divinaque
771 2748 829 2809 tela

136 2828 320 2889 Dardanidae
343 2832 571 2910 pharetramque
592 2834 661 2910 iuga
682 2850 802 2894 sensere
824 2839 984 2890 sonantem.

136 2928 208 2988 ergo
230 2913 345 2973 avidum
365 2931 482 2992 pugnae
504 2916 589 2974 dictis
611 2933 646 2975 ac
665 2916 785 2976 numine
807 2912 919 2974 Phoebi

135 2994 291 3054 Ascanium
313 2997 479 3073 prohibent,
497 2999 552 3074 ipsi
574 2999 603 3056 in
623 2999 782 3058 certamina
801 3013 905 3057 rursus

136 3079 299 3138 succedunt
319 3082 490 3157 animasque
511 3082 541 3140 in
563 3089 663 3158 aperta
685 3080 815 3159 pericula
837 3082 961 3141 mittunt.

136 3161 159 3220 it
182 3159 292 3221 clamor
312 3164 380 3223 totis
401 3181 455 3242 per
477 3164 696 3244 propugnacula
716 3166 819 3235 muris,

135 3243 290 3307 intendunt
308 3248 384 3308 acris
405 3266 491 3310 arcus
513 3258 718 3330 ammentaque
735 3257 883 3329 torquent.

136 3332 276 3391 sternitur
300 3350 386 3395 omne
407 3333 501 3394 solum
524 3332 598 3406 telis,
622 3342 683 3396 tum
705 3344 786 3397 scuta
808 3350 954 3412 cavaeque

138 3413 209 3474 dant
230 3416 356 3478 sonitum
376 3417 456 3480 dictu
478 3418 588 3497 galeae,
609 3436 705 3499 pugna
729 3438 834 3500 aspera
856 3419 963 3494 surgit:
