2400 3878
310 227 341 275 P.
357 223 502 274 voutam
523 221 678 272 ΜΔΒΟΝΙΒ
700 221 889 270 uenenato.
1018 223 1105 273 XXX}

95 390 146 446 iam
161 387 282 444 adultum
292 379 320 458 ¹).
352 392 460 442 mortuo
480 391 557 458 patre
571 382 657 456 Magia
671 381 746 438 Polla
760 382 857 438 alteras
872 383 979 455 nuptias
1000 385 1106 448 inierat,

97 472 168 529 unde
190 469 260 526 filius
281 470 326 526 ille
341 479 420 526 natus
435 476 478 524 est
493 467 613 523 Valerius
628 464 769 523 Proculus.
801 464 896 522 Flacco
912 474 997 522 mater
1011 484 1106 542 super·

96 563 153 612 stes
168 554 234 618 fuit,
250 554 298 609 sed
314 554 390 609 luctu
405 554 488 609 tracta
502 568 558 607 non
573 550 619 606 diu
634 551 815 623 supervixisse
830 544 993 624 narratur2).
1018 568 1108 624 nequa

97 654 211 695 uxorem
230 646 312 711 poeta
332 645 427 693 noster
441 651 568 708 umquam
588 633 681 691 habuit
701 650 790 707 neque
811 633 844 689 de
864 635 947 690 amica
962 635 1107 708 quidquam

98 721 149 779 fide
161 722 237 796 digni
252 721 379 777 traditum
394 728 445 777 est.
471 735 531 775 nam
546 717 672 774 refutavit
683 718 815 773 Asconius
829 716 960 774 Pedianus
974 719 1107 793 vulgatam

97 806 129 862 ab
157 803 384 862 obtrectatoribus
411 804 506 860 lamam
533 802 757 858 consuetudinem
778 803 802 857 ei
828 800 911 858 inisse
932 818 993 858 cum
1013 804 1108 860 Plotia

101 891 215 960 Cierio,
244 888 273 944 L.
295 888 366 944 Varii
387 889 484 952 amica,
511 886 667 941 Maecenatis
689 885 753 942 olim
775 878 909 958 insiliri).
946 889 1060 958 pronior
1080 890 1108 943 in

97 990 197 1048 pueros
218 973 376 1046 praesertim
397 971 518 1028 eruditos
539 972 650 1026 maxime
671 969 796 1024 dilexisse
823 968 910 1025 iertur
929 971 1006 1026 cuius
1027 987 1109 1044 supra

99 1059 199 1113 mentio
216 1056 284 1112 iacta
296 1066 338 1112 est
349 1057 549 1113 Alenandrum
562 1071 577 1110 a
591 1053 713 1109 Pollione
728 1061 756 1108 ot
772 1053 908 1124 Cebetem,
925 1055 971 1126 qui
987 1062 1015 1109 et
1028 1063 1110 1128 poeta

98 1148 169 1205 erat,
186 1157 200 1196 a
216 1141 367 1196 Maecenate
381 1139 432 1196 sibl
447 1139 575 1194 donatum
583 1132 615 1210 4).
646 1138 776 1193 incertior
796 1137 924 1193 memoria
940 1144 982 1193 est
996 1138 1029 1193 de
1045 1139 1109 1194 cho·

168 1287 189 1352 ¹)
208 1287 312 1337 Donati
324 1302 349 1351 p.
363 1289 395 1338 bt
408 1288 440 1337 R.
459 1286 545 1338 verba
564 1291 641 1348 sunt,
661 1284 708 1350 qui
725 1299 796 1349 quae
816 1284 894 1335 addit
913 1286 999 1334 ‘cuius
1016 1288 1111 1335 ercitum

98 1355 143 1405 sub
168 1357 264 1405 nomine
291 1355 436 1418 Daphnidis
459 1354 556 1418 deflet)
583 1367 656 1404 vana
683 1352 902 1417 allegoristarum
932 1351 1037 1401 fabella
1058 1359 1109 1414 est,

101 1423 220 1486 repetita
238 1436 255 1470 a
273 1420 383 1481 Servio,
402 1420 587 1484 Philargyrio,
606 1418 691 1469 schol.
710 1420 792 1469 Bern.
812 1417 848 1468 ad
866 1418 915 1470 ecl.
930 1421 954 1469 V
967 1434 1024 1482 arg.
1038 1423 1066 1468 et
1079 1421 1112 1469 20

104 1488 152 1552 (cf.
170 1487 272 1537 anthol.
290 1489 354 1539 Lat.
373 1488 401 1536 11
419 1490 468 1537 202
481 1487 539 1549 B.);
559 1501 593 1536 ex
611 1486 710 1550 quibus
728 1485 779 1535 alii
796 1484 852 1534 alia
869 1485 1022 1549 pugnantia
1040 1486 1112 1535 inter

100 1570 129 1606 se
146 1555 260 1618 solaque
280 1554 462 1618 perversitate
480 1552 581 1603 similia
599 1553 811 1601 somniaverunt.

169 1619 191 1687 ²)
211 1623 365 1684 ‘superstite
377 1623 441 1670 enim
459 1620 534 1670 Maia
550 1626 630 1669 matre
650 1619 755 1668 Flaccum
767 1619 901 1682 defunctus
912 1626 963 1676 eat,
983 1635 1047 1684 puae
1059 1622 1113 1668 eius

100 1696 204 1740 mortem
224 1690 340 1752 praviter
358 1689 449 1751 ferens
470 1703 520 1738 non
542 1687 585 1736 diu
605 1687 758 1750 supervicit.
795 1685 903 1735 Iunilius
925 1687 1002 1736 dicit'
1027 1686 1112 1736 schol.

102 1759 183 1808 Bern.
202 1755 238 1806 ad
255 1755 308 1806 ecl.
327 1755 352 1805 V
369 1757 410 1804 21.

169 1821 189 1885 ³)
208 1824 251 1873 De
269 1823 320 1872 hoc
333 1823 440 1872 nomine
460 1821 646 1886 disputantem
659 1820 723 1870 vide
736 1821 771 1870 H.
785 1819 928 1883 Hagenum
945 1821 974 1870 in
992 1820 1112 1886 prolegg.

102 1906 220 1941 meorum
238 1889 326 1954 praef.
345 1905 372 1954 p.
384 1890 422 1940 VI
436 1904 494 1954 sqq.
523 1893 605 1953 atque
623 1888 652 1937 in
670 1888 774 1938 Donati
791 1903 818 1952 p.
832 1888 878 1948 bl,
896 1889 913 1937 4
930 1889 962 1940 R.
982 1889 1043 1938 loco
1062 1888 1113 1938 hoc

102 1962 243 2023 ‘culpatum
267 1965 306 2007 est
327 1966 461 2008 consuesse
483 1973 536 2006 eum
559 1962 585 2005 et
606 1971 660 2005 eum
682 1956 768 2005 Plotia
792 1955 893 2017 Hieria.
916 1957 964 2004 sed
985 1957 1114 2006 Asconius

103 2027 232 2076 Pedianus
250 2027 368 2089 adfirmat
384 2027 466 2088 ipsam
482 2031 574 2088 postea
591 2024 710 2072 maiorem
727 2029 787 2072 notu
799 2037 909 2072 narrare
926 2024 1033 2080 solitam,
1051 2025 1113 2073 inni-

104 2099 182 2142 tatum
203 2094 301 2157 quidem
323 2109 340 2142 o
361 2093 442 2142 Vario
465 2093 500 2141 ad
522 2092 714 2141 communionem
731 2094 781 2149 sui,
804 2104 888 2139 uerum
911 2090 1115 2153 pertinacissime

102 2163 250 2210 remesosse'
269 2159 449 2209 Pithoeanum
467 2158 589 2208 codicem
608 2154 711 2207 saeculi
728 2158 766 2205 IX
783 2157 848 2206 teria
868 2156 997 2207 exhibere
1015 2172 1114 2221 nuper-

102 2227 168 2276 rime
185 2231 306 2276 testatus
324 2231 368 2276 est
386 2225 560 2276 Woelfflinus
576 2225 606 2273 in
623 2223 724 2274 Philol.
743 2225 835 2275 XXIV
854 2225 910 2274 153.
935 2227 1004 2273 ‘tres
1022 2225 1115 2274 dieitur

102 2307 201 2344 amasse
222 2295 363 2358 Verpilius:
386 2293 564 2343 Alexandrum
581 2307 652 2356 quem
669 2293 773 2341 1101101011
794 2293 819 2341 ei
836 2291 931 2348 Pollio,
956 2298 981 2340 et
1000 2290 1115 2342 Cebetem

102 2375 207 2424 puerum
224 2376 277 2410 mern
299 2361 373 2409 Ierio
392 2360 477 2424 (vulg.
496 2358 588 2419 Leria)
611 2360 709 2422 puelia,
733 2373 829 2423 puoso
847 2358 999 2407 Maecenate
1022 2360 1115 2408 dicitur

103 2429 250 2490 accepisse’
270 2427 382 2478 Servius
401 2427 436 2476 ad
455 2426 505 2477 ecl.
525 2427 551 2475 11
575 2427 615 2475 lb.
643 2421 829 2490 [‘cantborus.]
856 2427 992 2489 olleporice
1015 2427 1115 2490 paridam

103 2496 188 2544 uolunt
211 2495 329 2544 Hieriam
351 2495 464 2558 intellepi
484 2493 645 2542 Maecenatis
672 2495 799 2549 ancillam,
826 2507 891 2556 puae
913 2493 1007 2541 dicitur
1027 2493 1116 2541 vinosa

101 2561 199 2623 suisset
217 2563 317 2624 quidam
338 2562 405 2610 Vari
420 2561 539 2608 amicam’
559 2557 642 2607 schol.
661 2559 740 2607 Bern.
758 2558 793 2607 ad
812 2558 864 2607 eci.
883 2558 921 2607 VI
941 2560 970 2606 lt
990 2557 1116 2606 emenda·

104 2632 162 2676 tum
175 2627 209 2676 ab
222 2627 338 2690 Hageno
350 2625 369 2676 l.
382 2626 401 2674 1.
416 2630 444 2674 01
456 2625 490 2673 ad
508 2623 606 2674 scholi.
620 2625 701 2673 Bern.
720 2639 745 2687 p.
759 2625 817 2673 688.
837 2625 883 2687 qui
896 2628 978 2672 acute
997 2624 1116 2674 coniecit

104 2693 229 2743 Cantbari
260 2691 307 2755 (an
335 2689 508 2753 Cantbaraei)
540 2705 638 2740 nomeu
667 2695 780 2755 propter
803 2689 979 2739 vinositatem
1003 2690 1116 2741 Hieriae

104 2759 221 2811 inditum
240 2759 336 2810 fuisse.
366 2774 430 2823 ergo
444 2772 512 2807 enus
525 2756 675 2807 temulenta
688 2756 762 2820 (nam
773 2755 894 2821 puellam
911 2757 939 2806 in
958 2757 1009 2807 hoc
1020 2758 1116 2807 vitium

104 2827 236 2878 incidisse
255 2842 310 2876 non
327 2824 491 2891 putaverim)
509 2825 624 2875 mortuis
636 2825 758 2889 Vergilio
777 2829 805 2874 et
817 2825 899 2875 Vario
912 2827 991 2889 turpe
1004 2825 1113 2875 menda-

105 2896 176 2946 cium
187 2893 376 2944 venditavisse
389 2893 511 2954 videtur,
532 2907 648 2956 quocum
660 2893 695 2942 cf.
711 2906 780 2956 quae
794 2891 826 2941 de
839 2893 971 2956 Pompe1o
983 2896 1012 2941 et
1025 2892 1116 2944 Gemi·

105 2963 151 3012 nio
168 2961 252 3013 Flora
271 2962 401 3012 meretrix
419 2960 531 3026 grandis
550 2963 617 3009 natu
634 2960 791 3010 narravisse
811 2958 899 3010 fertur
916 2960 991 3024 apud
1008 2958 1116 3009 Plutar-

107 3029 186 3078 chum
198 3029 291 3094 Pomp.
306 3031 331 3078 2.
366 3029 399 3079 de
409 3033 454 3078 ‘re
473 3042 607 3092 nusquam
624 3026 723 3089 lecta’‚
743 3041 823 3090 quam
836 3025 947 3076 Servius
961 3026 996 3075 ad
1009 3026 1060 3076 ecl.
1074 3028 1114 3076 Ill

106 3098 140 3147 10
163 3095 337 3162 allegoristae
361 3095 493 3160 quosdam
515 3093 662 3160 protulisse
681 3093 762 3156 dicit,
784 3093 848 3144 vide
871 3093 994 3158 prolegg.
1013 3109 1040 3158 p.
1059 3097 1115 3143 101.

173 3161 194 3224 ⁴)
213 3164 341 3213 ‘libidinis
352 3166 378 3213 in
389 3178 484 3228 pueros
493 3164 633 3227 pronioris,
652 3176 756 3226 quorum
772 3163 880 3210 monim
898 3162 991 3210 ditescit
1004 3160 1119 3210 Cebetem

107 3237 132 3280 et
149 3231 340 3289 Alexandrum,
364 3247 435 3296 quem
451 3233 564 3280 secunda
585 3230 751 3279 bucolicorum
769 3231 857 3291 eclopa
875 3228 977 3277 Alexim
994 3232 1116 3290 appellat.

108 3299 226 3357 donatum
242 3298 291 3347 sibi
307 3298 339 3347 ab
358 3298 447 3347 Asinio
467 3298 591 3355 Pollione,
609 3305 740 3360 utrumque
758 3310 808 3344 non
826 3296 983 3352 ineruditum,
1002 3293 1118 3344 Cebetem

108 3379 167 3414 uero
180 3371 206 3413 et
215 3368 334 3428 poetom’
348 3365 474 3414 Donatus
492 3380 517 3427 p.
531 3365 564 3412 56
577 3378 617 3427 sq.
630 3365 662 3414 R.
681 3368 690 3393 ‘
698 3377 747 3412 uno
766 3368 859 3411 tantum
871 3361 957 3412 morbo
970 3361 1117 3411 laborabat:

109 3447 164 3480 naun
187 3433 319 3494 impatiens
340 3432 450 3480 libidinis
468 3431 535 3493 suit’
558 3430 670 3480 Servius
688 3430 717 3478 in
735 3428 802 3478 vita.
836 3427 923 3478 addas
940 3427 1016 3478 10000
1034 3441 1117 3492 supra

110 3497 239 3548 laudatos
257 3501 285 3546 et
303 3497 444 3548 Iuvenalis
461 3498 513 3549 VII
530 3499 562 3548 67
582 3495 650 3561 (69),
670 3496 789 3560 denique
808 3494 890 3545 catal.
910 3494 999 3544 VIIIL
