<?xml version="1.0" encoding="UTF-8"?>
<!DOCTYPE html PUBLIC "-//W3C//DTD XHTML 1.0 Transitional//EN"
    "http://www.w3.org/TR/xhtml1/DTD/xhtml1-transitional.dtd">
<html xmlns="http://www.w3.org/1999/xhtml" xml:lang="en" lang="en">
 <head>
  <title>
</title>
<meta http-equiv="Content-Type" content="text/html;charset=utf-8" />
  <meta name='ocr-system' content='tesseract 3.04.00' />
  <meta name='ocr-capabilities' content='ocr_page ocr_carea ocr_par ocr_line ocrx_word'/>
</head>
<body>
  <div class='ocr_page' id='page_1' title='image "./operainusumscho00virggoog_0355.png"; bbox 0 0 2400 3878; ppageno 0'>
   <div class='ocr_carea' id='block_1_1' title="bbox 432 235 1108 299">
    <p class='ocr_par' dir='ltr' id='par_1_1' title="bbox 432 235 1108 299">
     <span class='ocr_line' id='line_1_1' title="bbox 432 235 1108 299; baseline 0 -2"><span class='ocrx_word' id='word_1_1' title='bbox 432 250 576 299; x_wconf 84' lang='lat' dir='ltr'><strong>vnnorm</strong></span> <span class='ocrx_word' id='word_1_2' title='bbox 590 249 716 299; x_wconf 80' lang='lat' dir='ltr'><strong>murus</strong></span> <span class='ocrx_word' id='word_1_3' title='bbox 734 250 772 299; x_wconf 85' lang='lat' dir='ltr'><strong>xr</strong></span> <span class='ocrx_word' id='word_1_4' title='bbox 1044 235 1108 298; x_wconf 80' lang='lat' dir='ltr'><strong>tto</strong></span> 
     </span>
    </p>
   </div>
   <div class='ocr_carea' id='block_1_2' title="bbox 70 403 1108 3500">
    <p class='ocr_par' dir='ltr' id='par_1_2' title="bbox 98 403 848 488">
     <span class='ocr_line' id='line_1_2' title="bbox 98 403 848 488; baseline -0.004 -20"><span class='ocrx_word' id='word_1_5' title='bbox 98 407 288 488; x_wconf 87' lang='lat' dir='ltr'><strong>praecipiant,</strong></span> <span class='ocrx_word' id='word_1_6' title='bbox 310 422 365 465; x_wconf 89' lang='lat' dir='ltr'><strong>nos</strong></span> <span class='ocrx_word' id='word_1_7' title='bbox 388 424 456 466; x_wconf 90' lang='lat' dir='ltr'><strong>aera</strong></span> <span class='ocrx_word' id='word_1_8' title='bbox 477 425 582 468; x_wconf 88' lang='lat' dir='ltr'><strong>manus</strong></span> <span class='ocrx_word' id='word_1_9' title='bbox 602 404 716 466; x_wconf 89' lang='lat' dir='ltr'><strong>navalia</strong></span> <span class='ocrx_word' id='word_1_10' title='bbox 735 403 848 466; x_wconf 89' lang='lat' dir='ltr'><strong>demus.</strong></span> 
     </span>
    </p>

    <p class='ocr_par' dir='ltr' id='par_1_3' title="bbox 98 488 1108 571">
     <span class='ocr_line' id='line_1_3' title="bbox 98 488 1108 571; baseline -0.004 -20"><span class='ocrx_word' id='word_1_11' title='bbox 98 499 252 571; x_wconf 89' lang='lat' dir='ltr'><strong>praeterea</strong></span> <span class='ocrx_word' id='word_1_12' title='bbox 274 491 324 568; x_wconf 92' lang='lat' dir='ltr'><strong>qui</strong></span> <span class='ocrx_word' id='word_1_13' title='bbox 346 488 422 550; x_wconf 91' lang='lat' dir='ltr'><strong>dicta</strong></span> <span class='ocrx_word' id='word_1_14' title='bbox 442 490 539 550; x_wconf 84' lang='lat' dir='ltr'><strong>lerant</strong></span> <span class='ocrx_word' id='word_1_15' title='bbox 560 497 590 551; x_wconf 90' lang='lat' dir='ltr'><strong>et</strong></span> <span class='ocrx_word' id='word_1_16' title='bbox 612 490 730 551; x_wconf 77' lang='lat' dir='ltr'><strong>foedera</strong></span> <span class='ocrx_word' id='word_1_17' title='bbox 751 489 869 549; x_wconf 83' lang='lat' dir='ltr'><strong>firmem</strong></span> <span class='ocrx_word' id='word_1_18' title='bbox 1056 494 1108 547; x_wconf 81' lang='lat' dir='ltr'><strong>tto</strong></span> 
     </span>
    </p>

    <p class='ocr_par' dir='ltr' id='par_1_4' title="bbox 98 574 791 653">
     <span class='ocr_line' id='line_1_4' title="bbox 98 574 791 653; baseline -0.004 -17"><span class='ocrx_word' id='word_1_19' title='bbox 98 584 218 636; x_wconf 90' lang='lat' dir='ltr'><strong>centum</strong></span> <span class='ocrx_word' id='word_1_20' title='bbox 240 581 372 635; x_wconf 90' lang='lat' dir='ltr'><strong>oratores</strong></span> <span class='ocrx_word' id='word_1_21' title='bbox 391 575 486 653; x_wconf 87' lang='lat' dir='ltr'><strong>prima</strong></span> <span class='ocrx_word' id='word_1_22' title='bbox 506 574 542 636; x_wconf 88' lang='lat' dir='ltr'><strong>de</strong></span> <span class='ocrx_word' id='word_1_23' title='bbox 563 581 650 651; x_wconf 90' lang='lat' dir='ltr'><strong>gente</strong></span> <span class='ocrx_word' id='word_1_24' title='bbox 671 574 791 635; x_wconf 90' lang='lat' dir='ltr'><strong>Latinos</strong></span> 
     </span>
    </p>

    <p class='ocr_par' dir='ltr' id='par_1_5' title="bbox 99 657 868 737">
     <span class='ocr_line' id='line_1_5' title="bbox 99 657 868 737; baseline -0.003 -20"><span class='ocrx_word' id='word_1_25' title='bbox 99 660 142 719; x_wconf 83' lang='lat' dir='ltr'><strong>tre</strong></span> <span class='ocrx_word' id='word_1_26' title='bbox 163 657 259 736; x_wconf 91' lang='lat' dir='ltr'><strong>placet</strong></span> <span class='ocrx_word' id='word_1_27' title='bbox 279 657 419 737; x_wconf 77' lang='lat' dir='ltr'><strong>pacisque</strong></span> <span class='ocrx_word' id='word_1_28' title='bbox 436 675 525 719; x_wconf 86' lang='lat' dir='ltr'><strong>manu</strong></span> <span class='ocrx_word' id='word_1_29' title='bbox 545 657 739 737; x_wconf 77' lang='lat' dir='ltr'>praetendere</span> <span class='ocrx_word' id='word_1_30' title='bbox 760 674 868 728; x_wconf 88' lang='lat' dir='ltr'><strong>ramos,</strong></span> 
     </span>
    </p>

    <p class='ocr_par' dir='ltr' id='par_1_6' title="bbox 97 740 834 823">
     <span class='ocr_line' id='line_1_6' title="bbox 97 740 834 823; baseline -0.003 -21"><span class='ocrx_word' id='word_1_31' title='bbox 97 760 221 803; x_wconf 88' lang='lat' dir='ltr'><strong>munera</strong></span> <span class='ocrx_word' id='word_1_32' title='bbox 241 743 384 821; x_wconf 87' lang='lat' dir='ltr'><strong>portentis</strong></span> <span class='ocrx_word' id='word_1_33' title='bbox 405 743 529 821; x_wconf 86' lang='lat' dir='ltr'><strong>aurique</strong></span> <span class='ocrx_word' id='word_1_34' title='bbox 549 741 706 823; x_wconf 76' lang='lat' dir='ltr'>eborisque</span> <span class='ocrx_word' id='word_1_35' title='bbox 725 740 834 804; x_wconf 81' lang='lat' dir='ltr'><strong>talenta</strong></span> 
     </span>
    </p>

    <p class='ocr_par' dir='ltr' id='par_1_7' title="bbox 98 823 828 905">
     <span class='ocr_line' id='line_1_7' title="bbox 98 823 828 905; baseline -0.003 -18"><span class='ocrx_word' id='word_1_36' title='bbox 98 833 127 887; x_wconf 93' lang='lat' dir='ltr'><strong>et</strong></span> <span class='ocrx_word' id='word_1_37' title='bbox 146 823 247 887; x_wconf 88' lang='lat' dir='ltr'><strong>sellam</strong></span> <span class='ocrx_word' id='word_1_38' title='bbox 268 827 352 904; x_wconf 89' lang='lat' dir='ltr'><strong>regni</strong></span> <span class='ocrx_word' id='word_1_39' title='bbox 372 825 565 905; x_wconf 79' lang='lat' dir='ltr'>trabeamque</span> <span class='ocrx_word' id='word_1_40' title='bbox 585 826 708 904; x_wconf 90' lang='lat' dir='ltr'><strong>insignia</strong></span> <span class='ocrx_word' id='word_1_41' title='bbox 725 825 828 885; x_wconf 87' lang='lat' dir='ltr'><strong>nostri.</strong></span> 
     </span>
    </p>

    <p class='ocr_par' dir='ltr' id='par_1_8' title="bbox 98 907 1108 1072">
     <span class='ocr_line' id='line_1_8' title="bbox 98 907 1108 978; baseline -0.005 -8"><span class='ocrx_word' id='word_1_42' title='bbox 98 907 239 970; x_wconf 90' lang='lat' dir='ltr'><strong>consulite</strong></span> <span class='ocrx_word' id='word_1_43' title='bbox 259 910 289 970; x_wconf 89' lang='lat' dir='ltr'><strong>in</strong></span> <span class='ocrx_word' id='word_1_44' title='bbox 308 909 439 971; x_wconf 91' lang='lat' dir='ltr'><strong>medium</strong></span> <span class='ocrx_word' id='word_1_45' title='bbox 460 917 489 971; x_wconf 90' lang='lat' dir='ltr'><strong>et</strong></span> <span class='ocrx_word' id='word_1_46' title='bbox 509 909 600 970; x_wconf 89' lang='lat' dir='ltr'><strong>rebus</strong></span> <span class='ocrx_word' id='word_1_47' title='bbox 622 912 786 971; x_wconf 81' lang='lat' dir='ltr'><strong>succurrite</strong></span> <span class='ocrx_word' id='word_1_48' title='bbox 808 909 972 978; x_wconf 57' lang='lat' dir='ltr'><strong>iessisssſs«</strong></span> <span class='ocrx_word' id='word_1_49' title='bbox 1057 914 1108 966; x_wconf 76' lang='lat' dir='ltr'><strong>tto</strong></span> 
     </span>
     <span class='ocr_line' id='line_1_9' title="bbox 139 992 966 1072; baseline 0 -20"><span class='ocrx_word' id='word_1_50' title='bbox 139 992 215 1053; x_wconf 88' lang='lat' dir='ltr'><strong>Tum</strong></span> <span class='ocrx_word' id='word_1_51' title='bbox 235 993 365 1054; x_wconf 80' lang='lat' dir='ltr'>Drances</span> <span class='ocrx_word' id='word_1_52' title='bbox 385 994 463 1055; x_wconf 89' lang='lat' dir='ltr'><strong>idern</strong></span> <span class='ocrx_word' id='word_1_53' title='bbox 484 993 625 1063; x_wconf 85' lang='lat' dir='ltr'><strong>infensus,</strong></span> <span class='ocrx_word' id='word_1_54' title='bbox 649 1012 736 1072; x_wconf 92' lang='lat' dir='ltr'><strong>quem</strong></span> <span class='ocrx_word' id='word_1_55' title='bbox 759 993 852 1072; x_wconf 87' lang='lat' dir='ltr'><strong>glorta</strong></span> <span class='ocrx_word' id='word_1_56' title='bbox 874 992 966 1053; x_wconf 84' lang='lat' dir='ltr'><strong>Turni</strong></span> 
     </span>
    </p>

    <p class='ocr_par' dir='ltr' id='par_1_9' title="bbox 97 1076 832 1157">
     <span class='ocr_line' id='line_1_10' title="bbox 97 1076 832 1157; baseline 0.003 -21"><span class='ocrx_word' id='word_1_57' title='bbox 97 1076 215 1155; x_wconf 93' lang='lat' dir='ltr'><strong>obliqua</strong></span> <span class='ocrx_word' id='word_1_58' title='bbox 236 1078 344 1138; x_wconf 84' lang='lat' dir='ltr'><strong>invidia</strong></span> <span class='ocrx_word' id='word_1_59' title='bbox 366 1077 549 1156; x_wconf 81' lang='lat' dir='ltr'><strong>stimulisque</strong></span> <span class='ocrx_word' id='word_1_60' title='bbox 570 1077 698 1157; x_wconf 82' lang='lat' dir='ltr'><strong>agitabat</strong></span> <span class='ocrx_word' id='word_1_61' title='bbox 716 1078 832 1149; x_wconf 84' lang='lat' dir='ltr'><strong>amaris,</strong></span> 
     </span>
    </p>

    <p class='ocr_par' dir='ltr' id='par_1_10' title="bbox 97 1159 907 1240">
     <span class='ocr_line' id='line_1_11' title="bbox 97 1159 907 1240; baseline 0 -20"><span class='ocrx_word' id='word_1_62' title='bbox 97 1159 197 1240; x_wconf 89' lang='lat' dir='ltr'><strong>largus</strong></span> <span class='ocrx_word' id='word_1_63' title='bbox 219 1179 310 1240; x_wconf 91' lang='lat' dir='ltr'><strong>opum</strong></span> <span class='ocrx_word' id='word_1_64' title='bbox 332 1169 361 1222; x_wconf 91' lang='lat' dir='ltr'><strong>et</strong></span> <span class='ocrx_word' id='word_1_65' title='bbox 378 1161 477 1240; x_wconf 88' lang='lat' dir='ltr'><strong>lingua</strong></span> <span class='ocrx_word' id='word_1_66' title='bbox 499 1161 612 1233; x_wconf 89' lang='lat' dir='ltr'><strong>melior,</strong></span> <span class='ocrx_word' id='word_1_67' title='bbox 632 1162 684 1224; x_wconf 88' lang='lat' dir='ltr'><strong>sod</strong></span> <span class='ocrx_word' id='word_1_68' title='bbox 703 1163 810 1240; x_wconf 81' lang='lat' dir='ltr'><strong>frigida</strong></span> <span class='ocrx_word' id='word_1_69' title='bbox 829 1160 907 1224; x_wconf 92' lang='lat' dir='ltr'><strong>bello</strong></span> 
     </span>
    </p>

    <p class='ocr_par' dir='ltr' id='par_1_11' title="bbox 98 1243 854 1316">
     <span class='ocr_line' id='line_1_12' title="bbox 98 1243 854 1316; baseline 0.003 -11"><span class='ocrx_word' id='word_1_70' title='bbox 98 1244 229 1315; x_wconf 82' lang='lat' dir='ltr'><strong>dextere,</strong></span> <span class='ocrx_word' id='word_1_71' title='bbox 252 1243 379 1305; x_wconf 87' lang='lat' dir='ltr'><strong>consiliis</strong></span> <span class='ocrx_word' id='word_1_72' title='bbox 400 1244 517 1308; x_wconf 87' lang='lat' dir='ltr'><strong>habitus</strong></span> <span class='ocrx_word' id='word_1_73' title='bbox 538 1265 598 1308; x_wconf 93' lang='lat' dir='ltr'><strong>non</strong></span> <span class='ocrx_word' id='word_1_74' title='bbox 619 1245 722 1308; x_wconf 84' lang='lat' dir='ltr'><strong>futtilis</strong></span> <span class='ocrx_word' id='word_1_75' title='bbox 741 1254 854 1316; x_wconf 81' lang='lat' dir='ltr'><strong>auctor,</strong></span> 
     </span>
    </p>

    <p class='ocr_par' dir='ltr' id='par_1_12' title="bbox 97 1328 1108 1410">
     <span class='ocr_line' id='line_1_13' title="bbox 97 1328 1108 1410; baseline -0.001 -23"><span class='ocrx_word' id='word_1_76' title='bbox 97 1328 240 1388; x_wconf 87' lang='lat' dir='ltr'><strong>seditione</strong></span> <span class='ocrx_word' id='word_1_77' title='bbox 261 1336 366 1404; x_wconf 92' lang='lat' dir='ltr'><strong>potens</strong></span> <span class='ocrx_word' id='word_1_78' title='bbox 388 1329 492 1407; x_wconf 90' lang='lat' dir='ltr'><strong>(genus</strong></span> <span class='ocrx_word' id='word_1_79' title='bbox 513 1330 581 1395; x_wconf 88' lang='lat' dir='ltr'><strong>huic</strong></span> <span class='ocrx_word' id='word_1_80' title='bbox 606 1339 739 1392; x_wconf 88' lang='lat' dir='ltr'><strong>materna</strong></span> <span class='ocrx_word' id='word_1_81' title='bbox 761 1329 923 1410; x_wconf 89' lang='lat' dir='ltr'><strong>superbum</strong></span> <span class='ocrx_word' id='word_1_82' title='bbox 1057 1334 1108 1386; x_wconf 76' lang='lat'><strong>³40</strong></span> 
     </span>
    </p>

    <p class='ocr_par' dir='ltr' id='par_1_13' title="bbox 97 1410 833 1492">
     <span class='ocr_line' id='line_1_14' title="bbox 97 1410 833 1492; baseline 0.001 -21"><span class='ocrx_word' id='word_1_83' title='bbox 97 1411 233 1471; x_wconf 86' lang='lat' dir='ltr'><strong>nobilitas</strong></span> <span class='ocrx_word' id='word_1_84' title='bbox 254 1410 351 1480; x_wconf 90' lang='lat' dir='ltr'><strong>dabat,</strong></span> <span class='ocrx_word' id='word_1_85' title='bbox 372 1413 517 1473; x_wconf 90' lang='lat' dir='ltr'><strong>incertum</strong></span> <span class='ocrx_word' id='word_1_86' title='bbox 536 1413 572 1473; x_wconf 88' lang='lat' dir='ltr'><strong>de</strong></span> <span class='ocrx_word' id='word_1_87' title='bbox 593 1423 678 1491; x_wconf 83' lang='lat' dir='ltr'><strong>patre</strong></span> <span class='ocrx_word' id='word_1_88' title='bbox 699 1413 833 1492; x_wconf 81' lang='lat' dir='ltr'><strong>terebat),</strong></span> 
     </span>
    </p>

    <p class='ocr_par' dir='ltr' id='par_1_14' title="bbox 97 1494 890 1573">
     <span class='ocr_line' id='line_1_15' title="bbox 97 1494 890 1573; baseline 0.001 -20"><span class='ocrx_word' id='word_1_89' title='bbox 97 1495 192 1571; x_wconf 88' lang='lat' dir='ltr'><strong>surgit</strong></span> <span class='ocrx_word' id='word_1_90' title='bbox 214 1502 243 1555; x_wconf 93' lang='lat' dir='ltr'><strong>et</strong></span> <span class='ocrx_word' id='word_1_91' title='bbox 265 1494 312 1554; x_wconf 91' lang='lat' dir='ltr'><strong>bis</strong></span> <span class='ocrx_word' id='word_1_92' title='bbox 335 1503 437 1555; x_wconf 90' lang='lat' dir='ltr'><strong>onerat</strong></span> <span class='ocrx_word' id='word_1_93' title='bbox 459 1495 544 1555; x_wconf 85' lang='lat' dir='ltr'><strong>dlctis</strong></span> <span class='ocrx_word' id='word_1_94' title='bbox 565 1503 652 1573; x_wconf 84' lang='lat' dir='ltr'><strong>atque</strong></span> <span class='ocrx_word' id='word_1_95' title='bbox 674 1504 795 1573; x_wconf 77' lang='lat' dir='ltr'><strong>aggerat</strong></span> <span class='ocrx_word' id='word_1_96' title='bbox 816 1498 890 1555; x_wconf 90' lang='lat' dir='ltr'><strong>iras:</strong></span> 
     </span>
    </p>

    <p class='ocr_par' dir='ltr' id='par_1_15' title="bbox 98 1575 925 1655">
     <span class='ocr_line' id='line_1_16' title="bbox 98 1575 925 1655; baseline 0 -17"><span class='ocrx_word' id='word_1_97' title='bbox 98 1587 179 1638; x_wconf 82' lang='lat' dir='ltr'><strong>‘rom</strong></span> <span class='ocrx_word' id='word_1_98' title='bbox 201 1575 273 1639; x_wconf 92' lang='lat' dir='ltr'><strong>nulli</strong></span> <span class='ocrx_word' id='word_1_99' title='bbox 291 1577 448 1638; x_wconf 84' lang='lat' dir='ltr'><strong>obscuram</strong></span> <span class='ocrx_word' id='word_1_100' title='bbox 470 1586 589 1638; x_wconf 83' lang='lat' dir='ltr'><strong>nostrae</strong></span> <span class='ocrx_word' id='word_1_101' title='bbox 610 1597 666 1639; x_wconf 92' lang='lat' dir='ltr'><strong>nec</strong></span> <span class='ocrx_word' id='word_1_102' title='bbox 687 1579 766 1638; x_wconf 87' lang='lat' dir='ltr'><strong>rocis</strong></span> <span class='ocrx_word' id='word_1_103' title='bbox 789 1587 925 1655; x_wconf 88' lang='lat' dir='ltr'><strong>egentem</strong></span> 
     </span>
    </p>

    <p class='ocr_par' dir='ltr' id='par_1_16' title="bbox 98 1660 895 1732">
     <span class='ocr_line' id='line_1_17' title="bbox 98 1660 895 1732; baseline -0.001 -8"><span class='ocrx_word' id='word_1_104' title='bbox 98 1660 234 1730; x_wconf 87' lang='lat' dir='ltr'><strong>consulis,</strong></span> <span class='ocrx_word' id='word_1_105' title='bbox 258 1679 276 1720; x_wconf 96' lang='lat' dir='ltr'><strong>o</strong></span> <span class='ocrx_word' id='word_1_106' title='bbox 298 1661 376 1722; x_wconf 92' lang='lat' dir='ltr'><strong>bone</strong></span> <span class='ocrx_word' id='word_1_107' title='bbox 397 1679 466 1722; x_wconf 83' lang='lat' dir='ltr'><strong>rex:</strong></span> <span class='ocrx_word' id='word_1_108' title='bbox 488 1662 584 1722; x_wconf 91' lang='lat' dir='ltr'><strong>cuncti</strong></span> <span class='ocrx_word' id='word_1_109' title='bbox 607 1679 639 1723; x_wconf 91' lang='lat' dir='ltr'><strong>se</strong></span> <span class='ocrx_word' id='word_1_110' title='bbox 663 1662 740 1723; x_wconf 89' lang='lat' dir='ltr'><strong>scire</strong></span> <span class='ocrx_word' id='word_1_111' title='bbox 757 1661 895 1732; x_wconf 82' lang='lat' dir='ltr'><strong>letentur,</strong></span> 
     </span>
    </p>

    <p class='ocr_par' dir='ltr' id='par_1_17' title="bbox 97 1744 1108 1824">
     <span class='ocr_line' id='line_1_18' title="bbox 97 1744 1108 1824; baseline -0.004 -18"><span class='ocrx_word' id='word_1_112' title='bbox 97 1746 167 1824; x_wconf 92' lang='lat' dir='ltr'><strong>quid</strong></span> <span class='ocrx_word' id='word_1_113' title='bbox 190 1746 307 1806; x_wconf 82' lang='lat' dir='ltr'><strong>fortuna</strong></span> <span class='ocrx_word' id='word_1_114' title='bbox 329 1745 404 1805; x_wconf 82' lang='lat' dir='ltr'><strong>ierat</strong></span> <span class='ocrx_word' id='word_1_115' title='bbox 424 1744 534 1824; x_wconf 90' lang='lat' dir='ltr'><strong>populi,</strong></span> <span class='ocrx_word' id='word_1_116' title='bbox 555 1745 606 1806; x_wconf 90' lang='lat' dir='ltr'><strong>sed</strong></span> <span class='ocrx_word' id='word_1_117' title='bbox 621 1746 719 1807; x_wconf 88' lang='lat' dir='ltr'><strong>dicere</strong></span> <span class='ocrx_word' id='word_1_118' title='bbox 741 1753 881 1807; x_wconf 91' lang='lat' dir='ltr'><strong>mussant.</strong></span> <span class='ocrx_word' id='word_1_119' title='bbox 1056 1750 1108 1802; x_wconf 73' lang='lat' dir='ltr'><strong>tto</strong></span> 
     </span>
    </p>

    <p class='ocr_par' dir='ltr' id='par_1_18' title="bbox 97 1828 743 1908">
     <span class='ocr_line' id='line_1_19' title="bbox 97 1828 743 1908; baseline 0 -17"><span class='ocrx_word' id='word_1_120' title='bbox 97 1831 147 1891; x_wconf 91' lang='lat' dir='ltr'><strong>det</strong></span> <span class='ocrx_word' id='word_1_121' title='bbox 168 1829 333 1890; x_wconf 88' lang='lat' dir='ltr'><strong>libertatem</strong></span> <span class='ocrx_word' id='word_1_122' title='bbox 350 1828 431 1889; x_wconf 82' lang='lat' dir='ltr'><strong>tandi</strong></span> <span class='ocrx_word' id='word_1_123' title='bbox 448 1828 593 1908; x_wconf 85' lang='lat' dir='ltr'><strong>flatusque</strong></span> <span class='ocrx_word' id='word_1_124' title='bbox 615 1830 743 1891; x_wconf 85' lang='lat' dir='ltr'><strong>remittat</strong></span> 
     </span>
    </p>

    <p class='ocr_par' dir='ltr' id='par_1_19' title="bbox 97 1912 933 1994">
     <span class='ocr_line' id='line_1_20' title="bbox 97 1912 933 1994; baseline -0.002 -19"><span class='ocrx_word' id='word_1_125' title='bbox 97 1914 180 1975; x_wconf 88' lang='lat' dir='ltr'><strong>cuius</strong></span> <span class='ocrx_word' id='word_1_126' title='bbox 203 1912 241 1973; x_wconf 95' lang='lat' dir='ltr'><strong>ob</strong></span> <span class='ocrx_word' id='word_1_127' title='bbox 260 1913 422 1992; x_wconf 77' lang='lat' dir='ltr'><strong>auspicium</strong></span> <span class='ocrx_word' id='word_1_128' title='bbox 443 1914 603 1975; x_wconf 83' lang='lat' dir='ltr'><strong>infaustum</strong></span> <span class='ocrx_word' id='word_1_129' title='bbox 624 1932 779 1994; x_wconf 87' lang='lat' dir='ltr'><strong>moresque</strong></span> <span class='ocrx_word' id='word_1_130' title='bbox 801 1914 933 1976; x_wconf 88' lang='lat' dir='ltr'><strong>sinistros</strong></span> 
     </span>
    </p>

    <p class='ocr_par' dir='ltr' id='par_1_20' title="bbox 96 1995 1019 2078">
     <span class='ocr_line' id='line_1_21' title="bbox 96 1995 1019 2078; baseline 0.001 -21"><span class='ocrx_word' id='word_1_131' title='bbox 96 1997 201 2076; x_wconf 82' lang='lat' dir='ltr'><strong>(dicem</strong></span> <span class='ocrx_word' id='word_1_132' title='bbox 224 1996 369 2076; x_wconf 82' lang='lat' dir='ltr'><strong>equidem,</strong></span> <span class='ocrx_word' id='word_1_133' title='bbox 391 1995 460 2059; x_wconf 89' lang='lat' dir='ltr'><strong>licet</strong></span> <span class='ocrx_word' id='word_1_134' title='bbox 481 1998 656 2059; x_wconf 83' lang='lat' dir='ltr'><strong>armamini</strong></span> <span class='ocrx_word' id='word_1_135' title='bbox 677 2007 862 2078; x_wconf 87' lang='lat' dir='ltr'><strong>mortemque</strong></span> <span class='ocrx_word' id='word_1_136' title='bbox 882 1998 1019 2074; x_wconf 88' lang='lat' dir='ltr'><strong>minotur)</strong></span> 
     </span>
    </p>

    <p class='ocr_par' dir='ltr' id='par_1_21' title="bbox 95 2081 881 2162">
     <span class='ocr_line' id='line_1_22' title="bbox 95 2081 881 2162; baseline 0.001 -20"><span class='ocrx_word' id='word_1_137' title='bbox 95 2083 204 2143; x_wconf 84' lang='lat' dir='ltr'><strong>tumim</strong></span> <span class='ocrx_word' id='word_1_138' title='bbox 227 2089 269 2142; x_wconf 93' lang='lat' dir='ltr'><strong>tot</strong></span> <span class='ocrx_word' id='word_1_139' title='bbox 289 2082 430 2142; x_wconf 87' lang='lat' dir='ltr'><strong>cecidisse</strong></span> <span class='ocrx_word' id='word_1_140' title='bbox 447 2081 556 2144; x_wconf 92' lang='lat' dir='ltr'><strong>ducum</strong></span> <span class='ocrx_word' id='word_1_141' title='bbox 577 2090 728 2162; x_wconf 85' lang='lat' dir='ltr'><strong>totamque</strong></span> <span class='ocrx_word' id='word_1_142' title='bbox 749 2081 881 2143; x_wconf 86' lang='lat' dir='ltr'><strong>ridemus</strong></span> 
     </span>
    </p>

    <p class='ocr_par' dir='ltr' id='par_1_22' title="bbox 96 2165 1106 2245">
     <span class='ocr_line' id='line_1_23' title="bbox 96 2165 1106 2245; baseline -0.005 -18"><span class='ocrx_word' id='word_1_143' title='bbox 96 2165 263 2227; x_wconf 87' lang='lat' dir='ltr'><strong>consedisse</strong></span> <span class='ocrx_word' id='word_1_144' title='bbox 283 2166 388 2227; x_wconf 90' lang='lat' dir='ltr'><strong>urbem</strong></span> <span class='ocrx_word' id='word_1_145' title='bbox 410 2165 501 2236; x_wconf 84' lang='lat' dir='ltr'><strong>luctu,</strong></span> <span class='ocrx_word' id='word_1_146' title='bbox 522 2166 592 2228; x_wconf 91' lang='lat' dir='ltr'><strong>dum</strong></span> <span class='ocrx_word' id='word_1_147' title='bbox 609 2165 699 2227; x_wconf 85' lang='lat' dir='ltr'><strong>Troia</strong></span> <span class='ocrx_word' id='word_1_148' title='bbox 720 2173 843 2245; x_wconf 91' lang='lat' dir='ltr'><strong>temptat</strong></span> <span class='ocrx_word' id='word_1_149' title='bbox 1054 2172 1106 2223; x_wconf 83' lang='lat' dir='ltr'><strong>tbt</strong></span> 
     </span>
    </p>

    <p class='ocr_par' dir='ltr' id='par_1_23' title="bbox 96 2249 851 2327">
     <span class='ocr_line' id='line_1_24' title="bbox 96 2249 851 2327; baseline 0 -17"><span class='ocrx_word' id='word_1_150' title='bbox 96 2259 191 2310; x_wconf 85' lang='lat' dir='ltr'><strong>castra</strong></span> <span class='ocrx_word' id='word_1_151' title='bbox 212 2249 299 2327; x_wconf 85' lang='lat' dir='ltr'><strong>fugae</strong></span> <span class='ocrx_word' id='word_1_152' title='bbox 320 2250 413 2311; x_wconf 81' lang='lat' dir='ltr'><strong>fidens</strong></span> <span class='ocrx_word' id='word_1_153' title='bbox 436 2258 465 2311; x_wconf 90' lang='lat' dir='ltr'><strong>et</strong></span> <span class='ocrx_word' id='word_1_154' title='bbox 486 2251 599 2312; x_wconf 93' lang='lat' dir='ltr'><strong>caelum</strong></span> <span class='ocrx_word' id='word_1_155' title='bbox 616 2251 731 2311; x_wconf 86' lang='lat' dir='ltr'><strong>territat</strong></span> <span class='ocrx_word' id='word_1_156' title='bbox 751 2251 851 2311; x_wconf 88' lang='lat' dir='ltr'><strong>armls.</strong></span> 
     </span>
    </p>

    <p class='ocr_par' dir='ltr' id='par_1_24' title="bbox 96 2333 835 2413">
     <span class='ocr_line' id='line_1_25' title="bbox 96 2333 835 2413; baseline 0 -20"><span class='ocrx_word' id='word_1_157' title='bbox 96 2350 187 2393; x_wconf 90' lang='lat' dir='ltr'><strong>unum</strong></span> <span class='ocrx_word' id='word_1_158' title='bbox 209 2335 295 2394; x_wconf 89' lang='lat' dir='ltr'><strong>etiam</strong></span> <span class='ocrx_word' id='word_1_159' title='bbox 317 2334 401 2395; x_wconf 84' lang='lat' dir='ltr'><strong>donle</strong></span> <span class='ocrx_word' id='word_1_160' title='bbox 423 2335 494 2405; x_wconf 88' lang='lat' dir='ltr'><strong>istis,</strong></span> <span class='ocrx_word' id='word_1_161' title='bbox 518 2353 593 2413; x_wconf 92' lang='lat' dir='ltr'><strong>quae</strong></span> <span class='ocrx_word' id='word_1_162' title='bbox 612 2333 740 2412; x_wconf 89' lang='lat' dir='ltr'><strong>plurima</strong></span> <span class='ocrx_word' id='word_1_163' title='bbox 758 2333 835 2393; x_wconf 85' lang='lat' dir='ltr'><strong>mitti</strong></span> 
     </span>
    </p>

    <p class='ocr_par' dir='ltr' id='par_1_25' title="bbox 95 2417 902 2496">
     <span class='ocr_line' id='line_1_26' title="bbox 95 2417 902 2496; baseline -0.005 -18"><span class='ocrx_word' id='word_1_164' title='bbox 95 2418 266 2479; x_wconf 81' lang='lat' dir='ltr'><strong>Dardanidis</strong></span> <span class='ocrx_word' id='word_1_165' title='bbox 287 2418 402 2496; x_wconf 92' lang='lat' dir='ltr'><strong>dicique</strong></span> <span class='ocrx_word' id='word_1_166' title='bbox 420 2417 514 2487; x_wconf 87' lang='lat' dir='ltr'><strong>iubes,</strong></span> <span class='ocrx_word' id='word_1_167' title='bbox 536 2436 638 2486; x_wconf 90' lang='lat' dir='ltr'><strong>unum,</strong></span> <span class='ocrx_word' id='word_1_168' title='bbox 657 2419 768 2495; x_wconf 87' lang='lat' dir='ltr'><strong>optime</strong></span> <span class='ocrx_word' id='word_1_169' title='bbox 788 2432 902 2493; x_wconf 88' lang='lat' dir='ltr'><strong>regum,</strong></span> 
     </span>
    </p>

    <p class='ocr_par' dir='ltr' id='par_1_26' title="bbox 70 2499 739 2571">
     <span class='ocr_line' id='line_1_27' title="bbox 70 2499 739 2571; baseline -0.004 -9"><span class='ocrx_word' id='word_1_170' title='bbox 70 2560 76 2570; x_wconf 88' lang='grc'><em>,</em></span> <span class='ocrx_word' id='word_1_171' title='bbox 95 2501 211 2571; x_wconf 90' lang='lat' dir='ltr'><strong>adicias,</strong></span> <span class='ocrx_word' id='word_1_172' title='bbox 234 2519 290 2562; x_wconf 88' lang='lat' dir='ltr'><strong>nec</strong></span> <span class='ocrx_word' id='word_1_173' title='bbox 311 2510 341 2561; x_wconf 88' lang='lat' dir='ltr'><strong>te</strong></span> <span class='ocrx_word' id='word_1_174' title='bbox 370 2499 457 2562; x_wconf 86' lang='lat' dir='ltr'><strong>ullius</strong></span> <span class='ocrx_word' id='word_1_175' title='bbox 479 2499 614 2561; x_wconf 89' lang='lat' dir='ltr'><strong>violentia</strong></span> <span class='ocrx_word' id='word_1_176' title='bbox 635 2503 739 2568; x_wconf 89' lang='lat' dir='ltr'><strong>vincat,</strong></span> 
     </span>
    </p>

    <p class='ocr_par' dir='ltr' id='par_1_27' title="bbox 95 2581 1107 2664">
     <span class='ocr_line' id='line_1_28' title="bbox 95 2581 1107 2664; baseline -0.009 -17"><span class='ocrx_word' id='word_1_177' title='bbox 95 2586 166 2662; x_wconf 88' lang='lat' dir='ltr'><strong>quin</strong></span> <span class='ocrx_word' id='word_1_178' title='bbox 186 2592 304 2664; x_wconf 90' lang='lat' dir='ltr'><strong>gnatam</strong></span> <span class='ocrx_word' id='word_1_179' title='bbox 327 2585 446 2663; x_wconf 88' lang='lat' dir='ltr'><strong>egregio</strong></span> <span class='ocrx_word' id='word_1_180' title='bbox 470 2600 581 2660; x_wconf 89' lang='lat' dir='ltr'><strong>genero</strong></span> <span class='ocrx_word' id='word_1_181' title='bbox 601 2584 753 2661; x_wconf 91' lang='lat' dir='ltr'><strong>dignisque</strong></span> <span class='ocrx_word' id='word_1_182' title='bbox 771 2581 940 2660; x_wconf 79' lang='lat' dir='ltr'><strong>hymenaeis</strong></span> <span class='ocrx_word' id='word_1_183' title='bbox 1055 2585 1107 2638; x_wconf 77' lang='lat' dir='ltr'><strong>tto</strong></span> 
     </span>
    </p>

    <p class='ocr_par' dir='ltr' id='par_1_28' title="bbox 95 2664 969 2750">
     <span class='ocr_line' id='line_1_29' title="bbox 95 2664 969 2750; baseline -0.007 -21"><span class='ocrx_word' id='word_1_184' title='bbox 95 2670 157 2740; x_wconf 84' lang='lat' dir='ltr'><strong>des,</strong></span> <span class='ocrx_word' id='word_1_185' title='bbox 180 2680 273 2750; x_wconf 84' lang='lat' dir='ltr'><strong>pater,</strong></span> <span class='ocrx_word' id='word_1_186' title='bbox 297 2675 325 2728; x_wconf 89' lang='lat' dir='ltr'><strong>et</strong></span> <span class='ocrx_word' id='word_1_187' title='bbox 347 2685 453 2747; x_wconf 86' lang='lat' dir='ltr'><strong>pacem</strong></span> <span class='ocrx_word' id='word_1_188' title='bbox 473 2666 550 2728; x_wconf 89' lang='lat' dir='ltr'><strong>hanc</strong></span> <span class='ocrx_word' id='word_1_189' title='bbox 572 2675 692 2728; x_wconf 88' lang='lat' dir='ltr'><strong>aeterno</strong></span> <span class='ocrx_word' id='word_1_190' title='bbox 715 2664 835 2726; x_wconf 84' lang='lat' dir='ltr'><strong>loedere</strong></span> <span class='ocrx_word' id='word_1_191' title='bbox 856 2665 969 2740; x_wconf 87' lang='lat' dir='ltr'><strong>iungas.</strong></span> 
     </span>
    </p>

    <p class='ocr_par' dir='ltr' id='par_1_29' title="bbox 95 2750 903 2833">
     <span class='ocr_line' id='line_1_30' title="bbox 95 2750 903 2833; baseline -0.009 -19"><span class='ocrx_word' id='word_1_192' title='bbox 95 2751 175 2833; x_wconf 92' lang='lat' dir='ltr'><strong>quod</strong></span> <span class='ocrx_word' id='word_1_193' title='bbox 196 2754 222 2814; x_wconf 87' lang='lat' dir='ltr'><strong>sl</strong></span> <span class='ocrx_word' id='word_1_194' title='bbox 243 2761 340 2813; x_wconf 89' lang='lat' dir='ltr'><strong>tantus</strong></span> <span class='ocrx_word' id='word_1_195' title='bbox 361 2750 451 2812; x_wconf 89' lang='lat' dir='ltr'><strong>babet</strong></span> <span class='ocrx_word' id='word_1_196' title='bbox 469 2758 582 2812; x_wconf 87' lang='lat' dir='ltr'><strong>mentes</strong></span> <span class='ocrx_word' id='word_1_197' title='bbox 605 2757 633 2813; x_wconf 91' lang='lat' dir='ltr'><strong>et</strong></span> <span class='ocrx_word' id='word_1_198' title='bbox 655 2756 776 2828; x_wconf 84' lang='lat' dir='ltr'><strong>pectora</strong></span> <span class='ocrx_word' id='word_1_199' title='bbox 796 2757 903 2817; x_wconf 89' lang='lat' dir='ltr'><strong>terror,</strong></span> 
     </span>
    </p>

    <p class='ocr_par' dir='ltr' id='par_1_30' title="bbox 93 2833 885 2915">
     <span class='ocr_line' id='line_1_31' title="bbox 93 2833 885 2915; baseline -0.008 -18"><span class='ocrx_word' id='word_1_200' title='bbox 93 2838 191 2914; x_wconf 87' lang='lat' dir='ltr'><strong>ipsum</strong></span> <span class='ocrx_word' id='word_1_201' title='bbox 212 2835 392 2898; x_wconf 88' lang='lat' dir='ltr'><strong>obtestemur</strong></span> <span class='ocrx_word' id='word_1_202' title='bbox 414 2836 586 2915; x_wconf 81' lang='lat' dir='ltr'><strong>veniamque</strong></span> <span class='ocrx_word' id='word_1_203' title='bbox 608 2851 728 2896; x_wconf 88' lang='lat' dir='ltr'><strong>oremus</strong></span> <span class='ocrx_word' id='word_1_204' title='bbox 750 2833 787 2895; x_wconf 93' lang='lat' dir='ltr'><strong>ab</strong></span> <span class='ocrx_word' id='word_1_205' title='bbox 805 2834 885 2913; x_wconf 90' lang='lat' dir='ltr'><strong>ipso:</strong></span> 
     </span>
    </p>

    <p class='ocr_par' dir='ltr' id='par_1_31' title="bbox 95 2919 867 3000">
     <span class='ocr_line' id='line_1_32' title="bbox 95 2919 867 3000; baseline -0.004 -19"><span class='ocrx_word' id='word_1_206' title='bbox 95 2921 187 2990; x_wconf 87' lang='lat' dir='ltr'><strong>cedat,</strong></span> <span class='ocrx_word' id='word_1_207' title='bbox 210 2922 256 2981; x_wconf 87' lang='lat' dir='ltr'><strong>lus</strong></span> <span class='ocrx_word' id='word_1_208' title='bbox 277 2920 431 3000; x_wconf 89' lang='lat' dir='ltr'><strong>proprium</strong></span> <span class='ocrx_word' id='word_1_209' title='bbox 452 2921 516 2999; x_wconf 88' lang='lat' dir='ltr'><strong>regi</strong></span> <span class='ocrx_word' id='word_1_210' title='bbox 536 2921 707 2998; x_wconf 86' lang='lat' dir='ltr'><strong>patriaeque</strong></span> <span class='ocrx_word' id='word_1_211' title='bbox 728 2919 867 2980; x_wconf 85' lang='lat' dir='ltr'><strong>remittat.</strong></span> 
     </span>
    </p>

    <p class='ocr_par' dir='ltr' id='par_1_32' title="bbox 95 3002 1106 3085">
     <span class='ocr_line' id='line_1_33' title="bbox 95 3002 1106 3085; baseline -0.001 -21"><span class='ocrx_word' id='word_1_212' title='bbox 95 3005 165 3083; x_wconf 91' lang='lat' dir='ltr'><strong>quid</strong></span> <span class='ocrx_word' id='word_1_213' title='bbox 186 3006 309 3067; x_wconf 87' lang='lat' dir='ltr'><strong>miseros</strong></span> <span class='ocrx_word' id='word_1_214' title='bbox 331 3007 438 3067; x_wconf 86' lang='lat' dir='ltr'><strong>totiens</strong></span> <span class='ocrx_word' id='word_1_215' title='bbox 458 3006 488 3066; x_wconf 92' lang='lat' dir='ltr'><strong>in</strong></span> <span class='ocrx_word' id='word_1_216' title='bbox 510 3014 611 3085; x_wconf 88' lang='lat' dir='ltr'><strong>aperta</strong></span> <span class='ocrx_word' id='word_1_217' title='bbox 631 3002 761 3084; x_wconf 88' lang='lat' dir='ltr'><strong>pericula</strong></span> <span class='ocrx_word' id='word_1_218' title='bbox 783 3005 860 3065; x_wconf 86' lang='lat' dir='ltr'><strong>cives</strong></span> <span class='ocrx_word' id='word_1_219' title='bbox 1055 3005 1106 3056; x_wconf 75' lang='lat'><strong>³6⁰</strong></span> 
     </span>
    </p>

    <p class='ocr_par' dir='ltr' id='par_1_33' title="bbox 94 3085 939 3168">
     <span class='ocr_line' id='line_1_34' title="bbox 94 3085 939 3168; baseline -0.002 -22"><span class='ocrx_word' id='word_1_220' title='bbox 94 3088 214 3167; x_wconf 88' lang='lat' dir='ltr'><strong>proicis,</strong></span> <span class='ocrx_word' id='word_1_221' title='bbox 234 3106 251 3147; x_wconf 97' lang='lat' dir='ltr'><strong>o</strong></span> <span class='ocrx_word' id='word_1_222' title='bbox 273 3088 355 3149; x_wconf 90' lang='lat' dir='ltr'><strong>Latio</strong></span> <span class='ocrx_word' id='word_1_223' title='bbox 376 3098 464 3168; x_wconf 81' lang='lat' dir='ltr'><strong>caput</strong></span> <span class='ocrx_word' id='word_1_224' title='bbox 485 3091 592 3151; x_wconf 89' lang='lat' dir='ltr'><strong>horum</strong></span> <span class='ocrx_word' id='word_1_225' title='bbox 616 3097 645 3151; x_wconf 89' lang='lat' dir='ltr'><strong>et</strong></span> <span class='ocrx_word' id='word_1_226' title='bbox 667 3106 753 3150; x_wconf 82' lang='lat' dir='ltr'><strong>causa</strong></span> <span class='ocrx_word' id='word_1_227' title='bbox 775 3085 939 3148; x_wconf 65' lang='lat' dir='ltr'><strong>malorum?</strong></span> 
     </span>
    </p>

    <p class='ocr_par' dir='ltr' id='par_1_34' title="bbox 95 3168 866 3252">
     <span class='ocr_line' id='line_1_35' title="bbox 95 3168 866 3252; baseline -0.001 -22"><span class='ocrx_word' id='word_1_228' title='bbox 95 3168 176 3230; x_wconf 89' lang='lat' dir='ltr'><strong>nulla</strong></span> <span class='ocrx_word' id='word_1_229' title='bbox 197 3171 274 3231; x_wconf 84' lang='lat' dir='ltr'><strong>salus</strong></span> <span class='ocrx_word' id='word_1_230' title='bbox 294 3171 387 3233; x_wconf 89' lang='lat' dir='ltr'><strong>bello:</strong></span> <span class='ocrx_word' id='word_1_231' title='bbox 408 3190 512 3251; x_wconf 86' lang='lat' dir='ltr'><strong>pacem</strong></span> <span class='ocrx_word' id='word_1_232' title='bbox 532 3181 561 3234; x_wconf 92' lang='lat' dir='ltr'><strong>te</strong></span> <span class='ocrx_word' id='word_1_233' title='bbox 583 3174 731 3252; x_wconf 86' lang='lat' dir='ltr'><strong>poscimus</strong></span> <span class='ocrx_word' id='word_1_234' title='bbox 755 3187 866 3238; x_wconf 89' lang='lat' dir='ltr'><strong>omnes,</strong></span> 
     </span>
    </p>

    <p class='ocr_par' dir='ltr' id='par_1_35' title="bbox 95 3252 857 3335">
     <span class='ocr_line' id='line_1_36' title="bbox 95 3252 857 3335; baseline -0.003 -22"><span class='ocrx_word' id='word_1_235' title='bbox 95 3252 205 3322; x_wconf 83' lang='lat' dir='ltr'><strong>Turne,</strong></span> <span class='ocrx_word' id='word_1_236' title='bbox 228 3253 315 3314; x_wconf 86' lang='lat' dir='ltr'><strong>simul</strong></span> <span class='ocrx_word' id='word_1_237' title='bbox 336 3257 417 3335; x_wconf 89' lang='lat' dir='ltr'><strong>pacis</strong></span> <span class='ocrx_word' id='word_1_238' title='bbox 439 3256 534 3318; x_wconf 89' lang='lat' dir='ltr'><strong>solum</strong></span> <span class='ocrx_word' id='word_1_239' title='bbox 555 3253 720 3317; x_wconf 75' lang='lat' dir='ltr'><strong>inviolabile</strong></span> <span class='ocrx_word' id='word_1_240' title='bbox 741 3255 857 3330; x_wconf 87' lang='lat' dir='ltr'><strong>pignus.</strong></span> 
     </span>
    </p>

    <p class='ocr_par' dir='ltr' id='par_1_36' title="bbox 95 3335 941 3418">
     <span class='ocr_line' id='line_1_37' title="bbox 95 3335 941 3418; baseline -0.005 -22"><span class='ocrx_word' id='word_1_241' title='bbox 95 3338 210 3415; x_wconf 87' lang='lat' dir='ltr'><strong>primus</strong></span> <span class='ocrx_word' id='word_1_242' title='bbox 231 3352 295 3413; x_wconf 87' lang='lat' dir='ltr'><strong>ego,</strong></span> <span class='ocrx_word' id='word_1_243' title='bbox 318 3338 443 3400; x_wconf 77' lang='lat' dir='ltr'><strong>invisum</strong></span> <span class='ocrx_word' id='word_1_244' title='bbox 465 3357 553 3418; x_wconf 92' lang='lat' dir='ltr'><strong>quem</strong></span> <span class='ocrx_word' id='word_1_245' title='bbox 575 3347 608 3398; x_wconf 92' lang='lat' dir='ltr'><strong>tu</strong></span> <span class='ocrx_word' id='word_1_246' title='bbox 629 3337 683 3397; x_wconf 91' lang='lat' dir='ltr'><strong>tibi</strong></span> <span class='ocrx_word' id='word_1_247' title='bbox 704 3337 791 3412; x_wconf 83' lang='lat' dir='ltr'><strong>fingis</strong></span> <span class='ocrx_word' id='word_1_248' title='bbox 815 3335 854 3412; x_wconf 90' lang='lat' dir='ltr'><strong>(et</strong></span> <span class='ocrx_word' id='word_1_249' title='bbox 876 3349 941 3393; x_wconf 85' lang='lat' dir='ltr'><strong>esse</strong></span> 
     </span>
    </p>

    <p class='ocr_par' dir='ltr' id='par_1_37' title="bbox 95 3417 1108 3500">
     <span class='ocr_line' id='line_1_38' title="bbox 95 3417 1108 3500; baseline -0.005 -20"><span class='ocrx_word' id='word_1_250' title='bbox 95 3419 135 3480; x_wconf 93' lang='lat' dir='ltr'><strong>nil</strong></span> <span class='ocrx_word' id='word_1_251' title='bbox 158 3420 280 3499; x_wconf 84' lang='lat' dir='ltr'><strong>moror),</strong></span> <span class='ocrx_word' id='word_1_252' title='bbox 304 3438 342 3482; x_wconf 87' lang='lat' dir='ltr'><strong>en</strong></span> <span class='ocrx_word' id='word_1_253' title='bbox 363 3419 486 3500; x_wconf 86' lang='lat' dir='ltr'><strong>supplex</strong></span> <span class='ocrx_word' id='word_1_254' title='bbox 507 3423 603 3483; x_wconf 83' lang='lat' dir='ltr'><strong>renio.</strong></span> <span class='ocrx_word' id='word_1_255' title='bbox 640 3421 781 3480; x_wconf 89' lang='lat' dir='ltr'><strong>miserere</strong></span> <span class='ocrx_word' id='word_1_256' title='bbox 802 3424 932 3485; x_wconf 82' lang='lat' dir='ltr'><strong>tuorum,</strong></span> <span class='ocrx_word' id='word_1_257' title='bbox 1056 3417 1108 3470; x_wconf 73' lang='grc'><strong>365</strong></span> 
     </span>
    </p>
   </div>
   <div class='ocr_carea' id='block_1_3' title="bbox 94 3499 846 3585">
    <p class='ocr_par' dir='ltr' id='par_1_38' title="bbox 94 3499 846 3585">
     <span class='ocr_line' id='line_1_39' title="bbox 94 3499 846 3585; baseline -0.007 -20"><span class='ocrx_word' id='word_1_258' title='bbox 94 3522 172 3585; x_wconf 88' lang='lat' dir='ltr'><strong>pone</strong></span> <span class='ocrx_word' id='word_1_259' title='bbox 196 3504 308 3565; x_wconf 75' lang='lat' dir='ltr'><strong>animos</strong></span> <span class='ocrx_word' id='word_1_260' title='bbox 328 3512 359 3566; x_wconf 91' lang='lat' dir='ltr'><strong>et</strong></span> <span class='ocrx_word' id='word_1_261' title='bbox 380 3502 484 3582; x_wconf 83' lang='lat' dir='ltr'><strong>pulsus</strong></span> <span class='ocrx_word' id='word_1_262' title='bbox 504 3503 561 3565; x_wconf 91' lang='lat' dir='ltr'><strong>abt.</strong></span> <span class='ocrx_word' id='word_1_263' title='bbox 595 3512 640 3564; x_wconf 87' lang='lat' dir='ltr'><strong>sat</strong></span> <span class='ocrx_word' id='word_1_264' title='bbox 662 3505 766 3565; x_wconf 81' lang='lat' dir='ltr'><strong>lunera</strong></span> <span class='ocrx_word' id='word_1_265' title='bbox 787 3499 846 3562; x_wconf 86' lang='lat' dir='ltr'><strong>iusi</strong></span> 
     </span>
    </p>
   </div>
   <div class='ocr_carea' id='block_1_4' title="bbox 0 0 1204 3878">
    <p class='ocr_par' dir='ltr' id='par_1_39' title="bbox 0 0 1204 3878">
     <span class='ocr_line' id='line_1_40' title="bbox 0 0 1204 3878; baseline 0 0"><span class='ocrx_word' id='word_1_266' title='bbox 0 0 1204 3878; x_wconf 95' lang='lat' dir='ltr'><strong> </strong></span> 
     </span>
    </p>
   </div>
  </div>
 </body>
</html>
