2400 3878
151 186 192 250 96
491 195 631 244 vultuum
654 196 778 245 Anulus
802 201 814 244 1

151 355 266 414 taurino
289 362 429 429 quantum
452 360 571 429 possent
592 351 775 412 circumdare
798 352 895 433 tergo]

151 437 202 497 sed
221 453 272 495 vos
294 437 343 512 qui
365 436 484 496 tandem
507 434 613 512 quibus
635 442 685 494 aut
705 437 822 494 venistis
846 434 882 495 ab
901 438 975 510 oris,

152 537 245 598 quove
267 521 371 578 tenetis
391 518 477 579 iterl'
501 519 653 595 quaerenti
674 517 781 579 talibus
802 519 850 579 ille
1116 536 1171 596 570

151 604 301 680 suspirans
321 603 439 681 imoque
462 602 582 662 trahens
601 618 617 659 a
639 609 761 679 pectore
782 620 900 664 vocem:

195 685 236 745 Ὀ
259 686 329 755 dea,
352 687 376 746 si
396 687 490 763 prima
512 691 651 762 repetens
672 685 708 744 ab
731 686 844 762 origine
859 705 996 767 pergam,

152 780 181 831 et
202 779 283 830 vacet
305 770 416 829 annalis
435 777 604 830 nostrorum
626 769 728 829 audire
750 769 902 842 laborum,

153 861 219 914 ante
242 854 319 913 diem
344 852 443 914 clauso
466 861 623 931 componet
639 851 749 929 Vesper
770 853 903 932 Olympo.

154 953 206 996 nos
227 937 315 996 Troia
337 939 470 1015 antiqua,
494 938 517 995 si
537 944 649 996 vestras
670 935 745 996 sorte
763 955 817 1014 per
837 942 916 999 auris
1116 953 1171 1011 375

151 1020 257 1080 Troiae
275 1038 383 1080 nomen
405 1022 451 1090 iit,
474 1019 588 1080 diversa
609 1038 663 1097 per
684 1038 812 1097 aequora
834 1031 933 1084 vectos

152 1104 228 1165 forte
249 1122 302 1165 sua
320 1103 434 1182 libycis
456 1111 613 1182 tempestas
635 1103 745 1182 adpulit
767 1105 835 1165 oris.

151 1207 217 1250 sum
238 1189 303 1266 pius
323 1190 453 1256 Aeneas,
474 1196 575 1264 raptos
596 1190 645 1265 qui
664 1207 700 1248 ex
717 1188 801 1248 hoste
822 1197 941 1267 penates

152 1270 246 1332 classe
269 1272 341 1331 vebo
362 1289 493 1338 mecum,
516 1271 592 1330 lama
615 1289 704 1348 super
721 1271 839 1332 aethera
857 1281 952 1334 notus.

151 1355 263 1417 ltaliam
285 1372 395 1433 quaero
419 1355 540 1431 patriam
565 1362 594 1414 et
616 1372 709 1431 genus
733 1355 769 1415 ab
787 1355 855 1415 love
877 1375 1000 1418 summo.
1117 1374 1170 1428 380

151 1441 197 1501 bis
219 1441 302 1501 denis
320 1439 479 1517 Phrygium
500 1439 657 1498 conscendi
679 1439 801 1498 navibus
821 1458 932 1519 aequor

152 1532 246 1585 matre
269 1526 323 1585 dea
344 1528 525 1583 monstrante
546 1522 621 1581 viam
645 1522 711 1582 data
731 1523 788 1582 fata
809 1533 942 1592 secutus;

152 1610 197 1668 vix
221 1615 333 1686 septem
356 1606 509 1667 convolsae
530 1606 617 1666 undis
640 1624 771 1684 euroque
792 1616 959 1684 supersunt.

152 1694 214 1768 ipse
236 1692 352 1768 ignotus
372 1708 462 1767 egens
481 1689 589 1768 Libyae
609 1689 723 1749 deserta
742 1708 882 1768 peragro,

153 1775 270 1853 Europa
286 1782 371 1851 atque
392 1772 458 1832 Asia
480 1771 606 1849 pulsus'
648 1791 704 1833 nec
726 1774 811 1852 plura
830 1781 1001 1853 querentem
1115 1787 1168 1845 ³86

152 1876 236 1936 passa
257 1857 355 1918 Venus
377 1857 473 1916 medio
491 1857 533 1915 sic
548 1856 682 1915 interfata
707 1857 809 1919 dolore
831 1864 889 1917 est:

195 1941 346 2019 ‘Quisquis
368 1957 413 2009 ee,
434 1940 521 2008 haut,
545 1939 648 2007 credo,
671 1943 780 2002 invisus
798 1941 972 2002 caelestibus
992 1961 1080 2004 auras

152 2025 244 2086 vitalis
267 2026 380 2101 carpis,
401 2022 518 2102 Tyriam
540 2024 589 2101 qui
608 2023 761 2085 adveneris
781 2025 897 2085 urbem.
1156 2099 1159 2102 Ι

152 2124 243 2188 perge
264 2109 367 2177 modo,
391 2115 479 2186 atque
498 2107 567 2167 hinc
589 2114 618 2166 te
640 2111 760 2185 reginae
781 2110 818 2169 ad
839 2108 939 2169 limina
961 2111 1071 2188 perier.

152 2211 278 2272 namque
297 2192 348 2252 tibi
366 2192 490 2251 reduces
509 2192 603 2251 socios
625 2193 805 2270 classemque
829 2191 952 2253 relatam
1115 2207 1169 2265 39⁰

151 2279 254 2338 nuntio
277 2285 306 2337 et
326 2278 355 2335 in
374 2282 470 2335 tutum
488 2276 578 2335 versis
602 2276 786 2354 aquilonibus
808 2282 918 2344 actam,

151 2362 182 2421 ni
204 2361 312 2422 trustra
334 2359 489 2434 augurium
510 2359 575 2417 vani
597 2358 726 2421 docuere
746 2367 892 2438 parentes.

152 2446 249 2523 aspice
270 2445 316 2504 bis
338 2460 424 2502 senos
446 2442 579 2503 laetantis
598 2445 714 2520 agmine
736 2461 856 2523 cycnos,

152 2529 281 2591 aetheria
304 2544 377 2606 quos
399 2526 479 2604 lapsa
501 2526 585 2605 plaga
608 2527 682 2588 lovis
702 2527 762 2588 ales
783 2533 884 2605 aperto

150 2613 291 2674 turbabat
310 2612 406 2680 caelo;
426 2629 505 2672 nunc
525 2617 620 2671 terras
642 2611 745 2671 ordine
766 2609 854 2688 longo
1114 2621 1169 2681 395

152 2704 201 2757 aut
219 2715 325 2775 capere
347 2703 397 2756 aut
418 2713 521 2772 capsos
542 2696 599 2754 iam
619 2703 786 2773 respectare
807 2693 957 2754 videntur:

153 2787 184 2839 ut
205 2780 330 2839 reduces
348 2779 388 2838 ilb
407 2777 512 2837 ludunt
530 2778 721 2838 stridentibus
741 2778 793 2838 alrs

152 2869 181 2922 et
203 2868 287 2922 coetu
309 2862 426 2920 cinxere
449 2857 549 2936 polum
572 2868 732 2938 cantusque
754 2861 876 2930 dedere,

151 2944 223 3006 baut
244 2943 327 3004 aliter
348 2958 521 3020 puppesque
542 2952 609 3004 tuae
629 2943 782 3021 pubesque
803 2952 923 3005 tuorum

151 3034 202 3088 aut
220 3034 338 3104 portum
354 3031 434 3085 tenet
455 3032 505 3084 aut
525 3025 613 3106 pleno
633 3026 712 3087 subit
733 3028 805 3087 ostia
828 3027 901 3088 velo.
1114 3038 1169 3095 ιω

150 3126 242 3189 perge
262 3110 349 3170 modo
375 3115 417 3178 et,
438 3125 494 3186 qua
515 3119 545 3172 te
567 3111 646 3171 ducit
668 3113 728 3181 via,
752 3111 851 3188 derige
875 3108 1034 3188 gressum’

193 3193 283 3262 Dixit,
307 3202 336 3254 et
356 3201 490 3255 avertens
508 3213 592 3255 rosea
615 3195 726 3255 cervice
742 3195 875 3264 refulsit,

151 3276 373 3356 ambrosiaeque
395 3296 497 3340 comae
519 3280 647 3340 divinum
669 3281 777 3339 vertice
794 3280 915 3340 odorem

151 3360 316 3437 spiravere;
339 3362 430 3439 pedes
449 3363 536 3424 vestis
554 3362 674 3424 dessuxit
696 3364 732 3423 ad
753 3364 845 3430 imos,
1147 3434 1151 3439 Ι

152 3448 181 3502 et
200 3461 268 3504 vera
289 3445 404 3507 incessu
424 3449 516 3525 patuit
534 3447 598 3508 dea.
642 3445 689 3506 ille
710 3446 761 3508 ubi
784 3454 908 3507 matrem
1103 3450 1177 3521 α
