2400 3878
113 240 161 286 XX
420 237 467 284 DE
489 237 572 285 VITA
594 238 638 286 ET
660 237 812 287 scurram

112 404 196 452 trema
216 395 273 450 lere
294 403 395 450 aestate
415 395 552 453 11111113
575 394 645 450 bello
665 394 796 450 Perusino
816 411 877 450 cum
897 392 983 450 Pollio
1007 393 1124 454 Fulvlae

112 487 139 534 et
159 476 188 534 L.
205 478 322 534 Antonio
344 478 470 534 auxilium
486 478 588 533 laturus
604 477 757 551 reliquisset
772 478 894 540 Galliam,
909 477 1036 534 conlecto
1052 496 1123 537 vera

111 578 180 618 auno
197 562 257 618 114
278 564 388 618 ineunte
408 562 518 636 fugatus
540 564 619 617 etiam
639 570 725 623 esset.
746 561 882 617 inlocum
904 563 960 616 eius
983 560 1016 616 ab
1039 562 1123 619 Octa·

111 647 189 700 viano
215 646 338 717 Alsenos
366 647 460 702 Varus
480 645 578 700 Galliae
603 645 795 717 transpadanae
821 645 926 717 legatus
951 641 1122 702 substitutus

111 737 154 784 est
163 723 193 800 ¹).
235 731 360 802 quicum
382 729 444 783 olim
465 745 516 782 una
537 745 597 784 cum
619 728 736 800 Vergilio
757 727 862 800 Epicuri
882 736 1024 800 praecepta
1043 730 1121 802 apud

111 812 234 868 Sironem
255 814 411 884 magistrum
432 811 592 872 imbibisset,
614 829 707 883 magna
728 820 823 883 poetae
844 828 906 882 spes
927 809 979 865 init
1002 810 1065 866 iore
1088 823 1122 869 ut

111 911 161 967 per
175 896 246 951 hunc
261 903 350 950 elsua
365 905 551 950 veteranorum
567 894 598 948 ab
614 897 720 950 avaritia
735 903 793 949 tuta
808 893 959 966 possideret
974 900 1002 948 et
1016 897 1121 952 ceteris

111 977 259 1033 Mantuanis
275 979 370 1033 amissa
385 978 455 1033 bona
469 979 663 1034 reconciliaret.
693 994 752 1032 uam
768 978 889 1032 triumvir
904 976 948 1031 ille
963 978 1035 1049 agris
1051 977 1122 1034 divi·

111 1061 208 1116 dundis
224 1077 284 1116 cum
300 1061 423 1117 Cornelio
440 1062 515 1117 Gallo
537 1063 701 1117 constitutus
722 1070 824 1133 partem
840 1077 967 1134 agrorum
986 1060 1040 1115 11111
1055 1061 1122 1117 red·

112 1144 175 1199 dere
191 1146 270 1199 etium
291 1146 379 1199 iussus
401 1155 458 1200 crat
473 1162 487 1199 a
502 1139 634 1212 senatu2).
677 1160 726 1200 nec
746 1145 885 1216 promissis
912 1145 988 1199 initio
1014 1147 1122 1217 magni·

113 1226 169 1284 licis
190 1229 323 1299 pepercit,
345 1245 413 1300 quae
428 1231 452 1284 si
467 1229 555 1284 soluta
576 1228 680 1290 forent,
702 1228 793 1282 laudes
809 1244 838 1282 se
854 1229 943 1299 magni
958 1227 1047 1289 amici,
1071 1230 1120 1300 qul

113 1313 170 1385 ipse
185 1326 239 1365 non
256 1311 358 1366 alienus
380 1328 393 1365 a
413 1313 495 1366 musis
518 1320 574 1366 crat
595 1310 655 1380 (ecl.
672 1311 704 1364 Vl
727 1312 763 1364 11
781 1310 847 1382 sq.)‚
870 1312 971 1382 insigni
992 1320 1121 1381 poemate

113 1395 326 1470 praedicaturum
338 1411 397 1449 csse
412 1412 460 1467 pro
471 1412 519 1450 sua
534 1404 610 1467 parte
621 1395 745 1467 promisit
760 1403 840 1466 poeta
853 1392 897 1464 (ei.
913 1394 962 1449 ecl.
976 1391 1007 1446 Vl
1020 1393 1038 1448 6
1050 1391 1119 1466 sq).

197 1477 229 1534 Et
248 1479 392 1554 adgressus
413 1488 454 1534 est
470 1496 551 1552 opus,
572 1479 647 1533 cuius
664 1477 802 1533 exordium
824 1479 850 1532 in
866 1477 915 1532 ecl.
931 1477 965 1532 lx
980 1475 1018 1531 27
1030 1506 1065 1516 -
1078 1477 1119 1533 29

114 1564 172 1635 ipse
191 1565 303 1634 repetit:
324 1564 373 1619 sed
393 1563 476 1619 Varus
504 1580 596 1636 parum
617 1564 694 1617 stetit
714 1564 862 1635 promissis.
904 1563 985 1615 immo
1006 1557 1120 1615 ‘iussus

114 1647 163 1699 tria
184 1645 254 1699 milia
274 1663 400 1718 passuum
421 1664 435 1701 a
456 1665 532 1702 muro
554 1649 580 1701 in
601 1647 704 1699 diversa
725 1646 877 1717 relinquere
898 1660 957 1698 cum
973 1644 1015 1696 viu
1031 1645 1117 1698 octin-

114 1734 211 1799 gentos
240 1744 334 1799 passus
361 1745 444 1798 aquae
470 1745 537 1799 quae
563 1728 722 1782 circumdata
747 1737 804 1780 erat
825 1725 1024 1787 admetiretur',
1051 1726 1120 1780 nihil

114 1809 261 1864 Mantuanis
282 1817 388 1880 praeter
408 1810 535 1881 palustria
550 1810 691 1879 reliquisse
707 1824 721 1860 a
736 1807 859 1860 Cornelio
876 1805 950 1859 Gallo
966 1814 1060 1874 postea
1075 1817 1121 1860 est

116 1886 292 1962 aasumensi).
323 1909 373 1948 nec
388 1892 505 1964 Vergilio
521 1891 647 1946 auxilium
663 1889 736 1950 tulit,
759 1905 819 1942 cum
841 1890 862 1940 is
879 1887 960 1939 altera
977 1894 1119 1940 veterano·

114 1991 182 2038 rum,
200 1977 245 2047 qui
260 1977 362 2031 vicinos
378 1991 457 2048 agros
473 1983 637 2046 acceperant.
653 1972 721 2026 duce
736 1970 852 2025 Milieno
871 1970 981 2024 Torone
996 1968 1119 2039 primipi-

113 2059 163 2114 lari
184 2059 340 2133 inruptione
358 2060 386 2112 in
408 2074 502 2130 agrum
518 2059 576 2112 eius
600 2054 668 2109 lacta
684 2069 737 2108 uon
754 2061 855 2107 tantum
871 2054 968 2106 iterum
984 2067 1043 2106 euru
1059 2053 1118 2107 suis

115 2143 256 2215 expulsus,
272 2142 320 2197 sed
336 2144 413 2198 etiam
428 2142 498 2195 inter
512 2140 711 2195 altercationem
727 2136 760 2190 de
777 2134 872 2190 finibus
889 2145 973 2189 ortam
989 2151 1004 2188 a
1021 2135 1120 2192 Clodio

115 2226 230 2298 quodam
250 2225 354 2281 latrone
374 2239 457 2298 paene
473 2225 577 2279 occisus
592 2223 641 2282 sit,
663 2221 709 2293 qui
725 2235 830 2274 omnem
853 2236 883 2274 se
904 2220 978 2274 litem
1000 2227 1121 2290 amputa-

183 2486 202 2548 ¹)
221 2488 282 2535 ‘alii
306 2487 364 2548 suso
390 2486 529 2549 stipataque
552 2485 641 2534 Asinio
668 2485 783 2534 Pollione
808 2483 840 2532 ab
863 2484 977 2546 Arapnsto
1001 2481 1119 2543 Alfenum

129 2559 222 2607 Verona
238 2555 345 2617 lanatum
355 2552 516 2608 substitutum,
535 2555 577 2616 qui
589 2554 779 2614 transpadanae
795 2551 939 2614 prouinciae
952 2558 976 2599 et
993 2549 1062 2611 apris
1078 2549 1120 2596 dl·

116 2623 234 2676 uidendis
244 2625 389 2684 praeesset,
408 2621 450 2683 qni
461 2621 558 2669 curavit
574 2635 691 2683 1111911,
710 2622 752 2684 qni
767 2619 873 2681 Virpilio
885 2615 1117 2681 restitutnssuerat

117 2709 133 2742 a
151 2689 284 2742 ueteranis
305 2688 463 2748 auferretur’
483 2687 594 2737 Servius
611 2687 715 2739 ad-ecl.
733 2686 771 2737 VI
789 2687 812 2737 6.
836 2690 912 2735 ‘sane
931 2685 1058 2733 blanditor
1075 2681 1122 2728 At-

115 2761 177 2822 seno
203 2756 287 2810 Varo,
316 2756 358 2818 qni
379 2755 494 2802 Pollione
518 2755 609 2817 1091111
631 2757 727 2816 lepalus
749 2753 933 2813 transpadanis
957 2749 1123 2812 praepositas

117 2834 156 2874 est
183 2822 214 2871 ab
240 2821 371 2883 Aupeasto’
400 2820 511 2870 Servius
539 2822 574 2868 ad
596 2818 646 2867 ecl.
669 2818 704 2866 lX
727 2821 768 2867 29.
793 2820 910 2879 ‘quidam
932 2823 1012 2864 antean
1036 2816 1122 2861 dicunt

114 2890 231 2956 primitus
249 2902 326 2951 apros
343 2886 375 2935 ab
392 2888 507 2935 Pollione
527 2886 632 2949 Virpitio
650 2886 773 2940 redditos,
790 2878 924 2946 postquam
941 2890 1021 2930 antem
1037 2879 1125 2928 Varus

115 2958 238 3007 marcessit
258 2954 379 3012 Pollioni,
407 2955 518 3014 adempti
537 2956 615 3001 sunt.’
655 2951 739 3000 schol.
763 2952 843 2999 Bern.
868 2949 904 2996 ad
929 2948 977 2997 ecl.
1003 2945 1041 2994 IX
1064 2960 1122 3009 arg.

118 3025 204 3072 addes
215 3021 337 3072 eiusdem
347 3021 382 3070 ad
392 3019 441 3070 ecl.
448 3019 513 3067 VIII
523 3020 537 3068 6
548 3019 754 3068 adnotationem
764 3031 843 3080 quem
854 3030 937 3079 supra
950 3011 1122 3077 valnsq.

116 3091 257 3155 exscripsi.
294 3088 356 3137 vide
374 3085 495 3152 prolegg.
515 3089 530 3134 5
548 3101 607 3149 sqq.

185 3156 207 3221 ²)
227 3155 338 3206 Servius
356 3155 385 3203 in
404 3153 491 3218 praef.
510 3152 600 3203 bucol.
617 3155 760 3215 postquam
779 3148 811 3197 de
824 3147 896 3197 Arrii
908 3147 1012 3210 impetu
1029 3158 1124 3193 narra·

118 3223 159 3272 vil
180 3223 254 3286 (vide
272 3222 355 3285 infre)
380 3227 484 3285 ‘postea
507 3220 538 3268 01
562 3220 675 3282 ,4091111
701 3218 806 3265 missis
829 3216 1003 3264 triumuiris
1026 3219 1051 3259 11
1074 3212 1126 3273 ipsi

119 3307 181 3355 aper
198 3297 237 3339 est
254 3291 369 3338 reddittas
388 3296 413 3337 11
431 3287 615 3336 Mantuanis
636 3301 694 3348 pro
714 3289 818 3347 parte.
855 3282 912 3330 dinc
929 3288 967 3329 est
985 3279 1053 3344 qnod
1070 3293 1125 3328 cnm

119 3361 145 3408 in
160 3359 244 3421 prinae
261 3359 348 3419 eclopa
366 3358 466 3418 lepinnas
484 3370 536 3403 eram
553 3354 680 3415 recepisse
696 3367 794 3414 aprum,
810 3356 901 3411 posteo
918 3362 972 3396 eom
989 3345 1126 3410 querulan-

119 3433 168 3475 tem
184 3425 330 3486 invenimus,
349 3431 376 3472 ut
394 3421 442 3485 [IX
464 3417 604 3484 11-13].’

187 3490 209 3553 ³)
228 3490 339 3540 Servius
358 3489 392 3537 ad
411 3489 462 3539 ecl.
481 3488 520 3536 IX
540 3490 582 3536 10:
601 3486 637 3535 cf.
656 3483 778 3549 prolegg.
796 3485 821 3532 6.
