2400 3878
418 216 561 266 maeror
583 217 709 268 asneis
724 219 759 266 vr
1024 209 1084 271 tta

72 374 139 436 felix
161 373 244 452 prole
266 376 373 436 virum:
397 373 489 451 qualis
508 373 679 452 Berecyntia
695 288 905 468 w

73 458 215 518 invehitur
239 475 328 519 curru
348 457 488 535 Phrygias
507 458 610 517 turrita
631 473 685 533 per
707 456 810 527 urbes,
1034 463 1084 520 tes

72 541 145 602 laeta
168 541 255 602 deurn
276 549 378 619 partu,
403 547 520 601 centum
542 539 691 618 complexa
714 548 851 619 nepotes,

72 627 167 685 omnis
189 624 355 696 caelicolas,
378 625 473 684 omnis
494 641 583 701 super
605 622 662 683 alta
684 626 819 685 tenentis.

73 707 129 769 huc
148 709 278 785 gemiuas
299 725 378 769 nunc
398 708 483 768 flecte
505 707 596 776 acies,
618 707 694 768 hanc
712 708 809 786 aspice
831 715 946 785 gentem

70 791 277 869 Romanosque
298 799 373 852 tuos.
418 792 466 851 hic
486 789 592 851 Caesar
614 799 642 852 et
664 792 757 852 omnis
779 789 833 852 luli

71 877 240 951 progenies,
263 893 401 954 magnum
425 873 498 935 caeli
517 883 639 936 ventura
660 874 714 936 sub
737 893 830 936 axem.
1035 882 1085 940 790

70 959 118 1017 hic
144 959 203 1029 vir,
225 958 272 1020 hio
294 967 350 1029 est,
373 958 426 1019 tibi
445 976 532 1036 quem
552 959 684 1038 promitti
702 960 818 1038 saepius
841 958 937 1028 audis,

70 1042 218 1119 Augustus
238 1041 358 1113 Caesar,
378 1041 436 1102 diri
457 1059 565 1120 genus,
588 1061 676 1104 aurea
700 1042 807 1104 condet

70 1125 185 1185 saecula
207 1126 256 1203 qui
277 1142 381 1186 rursus
404 1125 484 1186 Latio
505 1134 625 1204 regnata
645 1145 699 1204 per
721 1145 789 1187 arra

70 1209 197 1269 Saturno
219 1210 381 1287 quondam,
404 1227 494 1288 super
513 1218 540 1270 et
558 1210 749 1271 Garamantas
769 1217 799 1271 et
816 1210 903 1272 Indos

70 1293 201 1369 proferet
222 1294 378 1371 imperium
397 1293 481 1371 (facet
503 1300 585 1354 extra
606 1295 701 1354 sidera
721 1293 820 1364 tellus,

71 1382 152 1437 extra
175 1376 243 1435 anni
260 1375 388 1452 solisque
410 1377 485 1446 rias,
508 1376 558 1436 ubi
582 1376 700 1438 caelifer
719 1377 819 1437 Atlans

71 1475 154 1518 axem
172 1476 275 1519 umero
295 1465 415 1537 torquet
436 1457 526 1519 stellis
547 1459 718 1520 ardentibus
739 1460 859 1538 aptum).

71 1541 156 1601 huius
177 1542 207 1601 in
230 1541 385 1602 adrentum
407 1542 465 1602 iam
487 1560 565 1602 nuno
587 1551 615 1604 et
635 1542 736 1618 Caspia
754 1560 845 1620 regna
869 1611 874 1619 ,

70 1625 218 1703 responsis
239 1626 362 1686 horrent
382 1625 479 1686 divom
503 1632 531 1686 et
552 1625 674 1686 hlaeotia
696 1625 781 1687 tellus

72 1715 99 1768 at
120 1710 342 1786 septemgemini
363 1708 482 1769 turbant
502 1709 616 1788 trepida
638 1710 710 1770 ostia
733 1707 799 1770 Nili.

72 1810 125 1852 nec
142 1810 211 1853 vero
233 1791 348 1854 Alcides
367 1799 479 1853 tantum
499 1792 611 1854 telluris
631 1792 733 1863 obivit,

72 1876 165 1936 fixerit
183 1877 350 1954 aeripedem
370 1894 487 1937 cervam
507 1876 574 1937 licet
595 1885 644 1937 aut
663 1876 832 1956 Erymanthi

70 1962 181 2037 pacarit
197 1977 319 2020 nemora
342 1968 370 2021 et
390 1959 516 2021 Lernam
539 1960 736 2022 tremefecerit
757 1977 843 2029 arcu,

70 2060 125 2102 nec
147 2045 196 2122 qui
215 2045 378 2123 pampineis
400 2046 493 2105 victor
512 2045 581 2123 iuga
603 2045 695 2106 flectit
715 2044 836 2105 habenis

71 2126 171 2197 Liber,
194 2144 283 2205 agens
306 2127 384 2189 celso
403 2128 496 2208 Nysae
517 2128 554 2189 de
576 2129 684 2190 vertice
703 2129 795 2207 tigris.

71 2217 98 2270 et
115 2210 280 2273 dubitamus
299 2212 395 2273 adhuc
413 2213 518 2274 virtute
540 2211 696 2274 extendere
717 2212 810 2282 vires,

71 2300 119 2353 aut
144 2302 238 2355 metus
258 2296 383 2356 Ausonia
403 2296 540 2374 prohibet
562 2298 721 2357 consistere
743 2295 841 2357 terrai

69 2374 135 2436 illae
153 2384 265 2448 autem,
289 2379 408 2457 paribus
431 2397 503 2458 quas
519 2379 631 2455 fulgere
654 2379 749 2440 cernis
770 2380 799 2438 in
823 2379 911 2438 armis

71 2460 232 2521 concordes
252 2462 365 2522 animae
385 2480 465 2522 nuno
486 2470 514 2522 et
532 2463 601 2522 dum
622 2469 707 2522 nocte
729 2467 920 2538 premuntur.

71 2541 128 2602 heu
151 2551 291 2620 quantum
313 2545 389 2604 inter
411 2561 443 2604 se
465 2542 589 2614 bellum,
612 2547 636 2604 si
657 2544 767 2605 lumina
789 2545 863 2603 vitae

71 2626 233 2703 attigerint,
255 2634 377 2704 quantm
398 2627 474 2687 acies
493 2635 678 2705 stragemque
700 2625 834 2694 ciebunt,

71 2708 228 2785 aggeribus
250 2726 335 2771 socer
355 2709 466 2788 Alpinis
488 2719 575 2790 atque
596 2729 663 2772 arce
683 2710 815 2770 Monoeci

71 2792 267 2865 descendens,
290 2811 380 2872 gener
402 2794 530 2854 adversis
550 2795 709 2856 instructus
731 2793 812 2854 Eois!

70 2893 122 2946 ne,
145 2879 245 2955 pueri,
267 2886 401 2939 natanta
424 2879 527 2939 animis
550 2879 711 2940 adsuescite
733 2875 808 2938 hehe

70 2976 127 3021 neu
149 2963 260 3039 patriae
281 2961 389 3023 validas
410 2963 569 3024 inviscera
591 2964 692 3026 vertite
711 2963 803 3030 viram

70 3053 158 3122 tuque
180 3048 276 3123 prior,
299 3053 332 3107 tu
352 3065 457 3125 parce,
481 3063 572 3122 genus
596 3049 645 3125 qui
667 3047 749 3107 ducis
772 3043 909 3124 Olympo;

70 3129 170 3206 proice
192 3129 248 3190 tela
269 3148 373 3199 manu,
396 3131 513 3206 sanguis
535 3132 630 3192 meus!

71 3211 135 3288 quis
157 3212 260 3290 procul
280 3212 328 3274 ille
350 3223 446 3274 autem
468 3216 557 3274 ramis
579 3213 700 3291 insignis
718 3213 809 3273 olivae

70 3312 153 3355 sacra
176 3296 291 3356 forensi
313 3315 404 3358 nosco
427 3299 514 3357 crinis
535 3298 696 3375 incanaque
718 3302 815 3355 menta

70 3380 148 3454 regis
166 3378 302 3449 Romani,
322 3383 446 3459 primam
469 3382 518 3459 qul
536 3379 650 3458 legibus
671 3379 776 3440 urbem

71 3461 217 3535 fundabit,
237 3463 361 3525 Curibus
380 3465 476 3545 parvis
495 3472 524 3526 et
545 3481 675 3543 paupere
695 3471 774 3524 terra
