<?xml version="1.0" encoding="UTF-8"?>
<!DOCTYPE html PUBLIC "-//W3C//DTD XHTML 1.0 Transitional//EN"
    "http://www.w3.org/TR/xhtml1/DTD/xhtml1-transitional.dtd">
<html xmlns="http://www.w3.org/1999/xhtml" xml:lang="en" lang="en">
 <head>
  <title>
</title>
<meta http-equiv="Content-Type" content="text/html;charset=utf-8" />
  <meta name='ocr-system' content='tesseract 3.04.00' />
  <meta name='ocr-capabilities' content='ocr_page ocr_carea ocr_par ocr_line ocrx_word'/>
</head>
<body>
  <div class='ocr_page' id='page_1' title='image "./operainusumscho00virggoog_0378.png"; bbox 0 0 2400 3878; ppageno 0'>
   <div class='ocr_carea' id='block_1_1' title="bbox 152 219 829 284">
    <p class='ocr_par' dir='ltr' id='par_1_1' title="bbox 152 219 829 284">
     <span class='ocr_line' id='line_1_1' title="bbox 152 219 829 284; baseline -0.007 -1"><span class='ocrx_word' id='word_1_1' title='bbox 152 219 212 284; x_wconf 76' lang='lat'>8³8</span> <span class='ocrx_word' id='word_1_2' title='bbox 480 230 623 279; x_wconf 74' lang='lat' dir='ltr'>morus</span> <span class='ocrx_word' id='word_1_3' title='bbox 637 230 761 280; x_wconf 81' lang='lat' dir='ltr'>anunm</span> <span class='ocrx_word' id='word_1_4' title='bbox 777 232 829 278; x_wconf 77' lang='lat'>111</span> 
     </span>
    </p>
   </div>
   <div class='ocr_carea' id='block_1_2' title="bbox 149 383 1162 3125">
    <p class='ocr_par' dir='ltr' id='par_1_2' title="bbox 152 383 1006 464">
     <span class='ocr_line' id='line_1_2' title="bbox 152 383 1006 464; baseline -0.001 -15"><span class='ocrx_word' id='word_1_5' title='bbox 152 385 329 464; x_wconf 76' lang='lat' dir='ltr'>aetheraque</span> <span class='ocrx_word' id='word_1_6' title='bbox 351 383 510 446; x_wconf 82' lang='lat' dir='ltr'>obscurant</span> <span class='ocrx_word' id='word_1_7' title='bbox 531 385 628 464; x_wconf 78' lang='lat' dir='ltr'>pinnis</span> <span class='ocrx_word' id='word_1_8' title='bbox 649 385 821 464; x_wconf 80' lang='lat' dir='ltr'>hostemque</span> <span class='ocrx_word' id='word_1_9' title='bbox 844 403 898 464; x_wconf 89' lang='lat' dir='ltr'>per</span> <span class='ocrx_word' id='word_1_10' title='bbox 921 402 1006 449; x_wconf 87' lang='lat' dir='ltr'>auras</span> 
     </span>
    </p>

    <p class='ocr_par' dir='ltr' id='par_1_3' title="bbox 152 467 902 547">
     <span class='ocr_line' id='line_1_3' title="bbox 152 467 902 547; baseline -0.001 -17"><span class='ocrx_word' id='word_1_11' title='bbox 152 469 227 530; x_wconf 90' lang='lat' dir='ltr'>facta</span> <span class='ocrx_word' id='word_1_12' title='bbox 250 467 329 529; x_wconf 88' lang='lat' dir='ltr'>nube</span> <span class='ocrx_word' id='word_1_13' title='bbox 348 477 496 547; x_wconf 87' lang='lat' dir='ltr'>premunt,</span> <span class='ocrx_word' id='word_1_14' title='bbox 518 468 611 528; x_wconf 91' lang='lat' dir='ltr'>donec</span> <span class='ocrx_word' id='word_1_15' title='bbox 629 467 656 527; x_wconf 86' lang='lat' dir='ltr'>vi</span> <span class='ocrx_word' id='word_1_16' title='bbox 675 469 768 529; x_wconf 88' lang='lat' dir='ltr'>victus</span> <span class='ocrx_word' id='word_1_17' title='bbox 787 474 816 528; x_wconf 87' lang='lat' dir='ltr'>ct</span> <span class='ocrx_word' id='word_1_18' title='bbox 836 468 902 547; x_wconf 90' lang='lat' dir='ltr'>ipso</span> 
     </span>
    </p>

    <p class='ocr_par' dir='ltr' id='par_1_4' title="bbox 151 549 1162 715">
     <span class='ocr_line' id='line_1_4' title="bbox 151 549 1162 630; baseline 0.002 -18"><span class='ocrx_word' id='word_1_19' title='bbox 151 553 282 630; x_wconf 92' lang='lat' dir='ltr'>pondere</span> <span class='ocrx_word' id='word_1_20' title='bbox 303 550 419 622; x_wconf 79' lang='lat' dir='ltr'>defecit,</span> <span class='ocrx_word' id='word_1_21' title='bbox 442 551 640 629; x_wconf 85' lang='lat' dir='ltr'>praedamque</span> <span class='ocrx_word' id='word_1_22' title='bbox 661 569 697 612; x_wconf 87' lang='lat' dir='ltr'>ex</span> <span class='ocrx_word' id='word_1_23' title='bbox 716 549 864 627; x_wconf 90' lang='lat' dir='ltr'>unguibus</span> <span class='ocrx_word' id='word_1_24' title='bbox 885 550 944 612; x_wconf 90' lang='lat' dir='ltr'>ales</span> <span class='ocrx_word' id='word_1_25' title='bbox 1105 560 1162 614; x_wconf 63' lang='lat' dir='ltr'>wls</span> 
     </span>
     <span class='ocr_line' id='line_1_5' title="bbox 151 633 851 715; baseline -0.003 -19"><span class='ocrx_word' id='word_1_26' title='bbox 151 637 273 715; x_wconf 91' lang='lat' dir='ltr'>proiecit</span> <span class='ocrx_word' id='word_1_27' title='bbox 294 633 380 696; x_wconf 78' lang='lat' dir='ltr'>durio</span> <span class='ocrx_word' id='word_1_28' title='bbox 403 636 577 713; x_wconf 85' lang='lat' dir='ltr'>penitusque</span> <span class='ocrx_word' id='word_1_29' title='bbox 598 636 627 694; x_wconf 90' lang='lat' dir='ltr'>in</span> <span class='ocrx_word' id='word_1_30' title='bbox 648 634 748 695; x_wconf 89' lang='lat' dir='ltr'>nubila</span> <span class='ocrx_word' id='word_1_31' title='bbox 770 633 851 712; x_wconf 87' lang='lat' dir='ltr'>fugit.</span> 
     </span>
    </p>

    <p class='ocr_par' dir='ltr' id='par_1_5' title="bbox 151 715 894 796">
     <span class='ocr_line' id='line_1_6' title="bbox 151 715 894 796; baseline -0.003 -17"><span class='ocrx_word' id='word_1_32' title='bbox 151 728 212 780; x_wconf 94' lang='lat' dir='ltr'>tum</span> <span class='ocrx_word' id='word_1_33' title='bbox 234 736 303 779; x_wconf 84' lang='lat' dir='ltr'>vero</span> <span class='ocrx_word' id='word_1_34' title='bbox 322 719 477 796; x_wconf 78' lang='lat' dir='ltr'>augurium</span> <span class='ocrx_word' id='word_1_35' title='bbox 498 717 597 779; x_wconf 86' lang='lat' dir='ltr'>Rutuli</span> <span class='ocrx_word' id='word_1_36' title='bbox 619 715 748 779; x_wconf 87' lang='lat' dir='ltr'>clamore</span> <span class='ocrx_word' id='word_1_37' title='bbox 769 717 894 778; x_wconf 87' lang='lat' dir='ltr'>salutant</span> 
     </span>
    </p>

    <p class='ocr_par' dir='ltr' id='par_1_6' title="bbox 152 800 999 880">
     <span class='ocr_line' id='line_1_7' title="bbox 152 800 999 880; baseline 0 -17"><span class='ocrx_word' id='word_1_38' title='bbox 152 802 365 880; x_wconf 84' lang='lat' dir='ltr'>expediuntque</span> <span class='ocrx_word' id='word_1_39' title='bbox 386 819 504 870; x_wconf 88' lang='lat' dir='ltr'>manus;</span> <span class='ocrx_word' id='word_1_40' title='bbox 526 803 695 880; x_wconf 91' lang='lat' dir='ltr'>primusque</span> <span class='ocrx_word' id='word_1_41' title='bbox 714 800 884 862; x_wconf 84' lang='lat' dir='ltr'>Tolumnius</span> <span class='ocrx_word' id='word_1_42' title='bbox 906 817 999 879; x_wconf 89' lang='lat' dir='ltr'>augur</span> 
     </span>
    </p>

    <p class='ocr_par' dir='ltr' id='par_1_7' title="bbox 152 883 969 965">
     <span class='ocr_line' id='line_1_8' title="bbox 152 883 969 965; baseline -0.001 -20"><span class='ocrx_word' id='word_1_43' title='bbox 152 886 223 946; x_wconf 83' lang='lat' dir='ltr'>‘hoc</span> <span class='ocrx_word' id='word_1_44' title='bbox 246 893 316 954; x_wconf 92' lang='lat' dir='ltr'>erat,</span> <span class='ocrx_word' id='word_1_45' title='bbox 338 885 404 954; x_wconf 89' lang='lat' dir='ltr'>hoc,</span> <span class='ocrx_word' id='word_1_46' title='bbox 426 883 514 944; x_wconf 83' lang='lat' dir='ltr'>votis&#39;</span> <span class='ocrx_word' id='word_1_47' title='bbox 533 886 628 962; x_wconf 92' lang='lat' dir='ltr'>inquit</span> <span class='ocrx_word' id='word_1_48' title='bbox 650 884 744 965; x_wconf 88' lang='lat' dir='ltr'>‘quod</span> <span class='ocrx_word' id='word_1_49' title='bbox 766 901 853 961; x_wconf 87' lang='lat' dir='ltr'>saepe</span> <span class='ocrx_word' id='word_1_50' title='bbox 873 886 969 964; x_wconf 87' lang='lat' dir='ltr'>petivi.</span> 
     </span>
    </p>

    <p class='ocr_par' dir='ltr' id='par_1_8' title="bbox 152 967 1161 1132">
     <span class='ocr_line' id='line_1_9' title="bbox 152 967 1161 1048; baseline -0.001 -17"><span class='ocrx_word' id='word_1_51' title='bbox 152 968 261 1047; x_wconf 90' lang='lat' dir='ltr'>accipio</span> <span class='ocrx_word' id='word_1_52' title='bbox 281 969 486 1048; x_wconf 76' lang='lat' dir='ltr'>adgnoscoque</span> <span class='ocrx_word' id='word_1_53' title='bbox 508 967 592 1037; x_wconf 85' lang='lat' dir='ltr'>deos;</span> <span class='ocrx_word' id='word_1_54' title='bbox 615 986 671 1039; x_wconf 87' lang='lat' dir='ltr'>me,</span> <span class='ocrx_word' id='word_1_55' title='bbox 693 986 742 1028; x_wconf 89' lang='lat' dir='ltr'>me</span> <span class='ocrx_word' id='word_1_56' title='bbox 763 967 837 1028; x_wconf 92' lang='lat' dir='ltr'>duce</span> <span class='ocrx_word' id='word_1_57' title='bbox 859 967 969 1028; x_wconf 88' lang='lat' dir='ltr'>ferrum</span> <span class='ocrx_word' id='word_1_58' title='bbox 1105 976 1161 1030; x_wconf 62' lang='grc' dir='ltr'>κο</span> 
     </span>
     <span class='ocr_line' id='line_1_10' title="bbox 152 1048 960 1132; baseline -0.004 -19"><span class='ocrx_word' id='word_1_59' title='bbox 152 1048 299 1131; x_wconf 79' lang='lat' dir='ltr'>corripite,</span> <span class='ocrx_word' id='word_1_60' title='bbox 324 1069 341 1110; x_wconf 95' lang='lat' dir='ltr'>o</span> <span class='ocrx_word' id='word_1_61' title='bbox 364 1052 472 1120; x_wconf 91' lang='lat' dir='ltr'>miseri,</span> <span class='ocrx_word' id='word_1_62' title='bbox 496 1050 734 1132; x_wconf 21' lang='lat' dir='ltr'>quoslinprohus</span> <span class='ocrx_word' id='word_1_63' title='bbox 755 1051 863 1111; x_wconf 85' lang='lat' dir='ltr'>advena</span> <span class='ocrx_word' id='word_1_64' title='bbox 883 1051 960 1112; x_wconf 92' lang='lat' dir='ltr'>hello</span> 
     </span>
    </p>

    <p class='ocr_par' dir='ltr' id='par_1_9' title="bbox 150 1133 836 1205">
     <span class='ocr_line' id='line_1_11' title="bbox 150 1133 836 1205; baseline -0.001 -10"><span class='ocrx_word' id='word_1_65' title='bbox 150 1137 264 1195; x_wconf 84' lang='lat' dir='ltr'>territat</span> <span class='ocrx_word' id='word_1_66' title='bbox 284 1133 421 1194; x_wconf 81' lang='lat' dir='ltr'>invalidas</span> <span class='ocrx_word' id='word_1_67' title='bbox 443 1142 476 1205; x_wconf 83' lang='lat' dir='ltr'>ut</span> <span class='ocrx_word' id='word_1_68' title='bbox 498 1153 564 1194; x_wconf 80' lang='lat' dir='ltr'>aves</span> <span class='ocrx_word' id='word_1_69' title='bbox 588 1141 616 1194; x_wconf 91' lang='lat' dir='ltr'>et</span> <span class='ocrx_word' id='word_1_70' title='bbox 637 1133 722 1194; x_wconf 92' lang='lat' dir='ltr'>litora</span> <span class='ocrx_word' id='word_1_71' title='bbox 741 1141 836 1194; x_wconf 74' lang='lat' dir='ltr'>sesua</span> 
     </span>
    </p>

    <p class='ocr_par' dir='ltr' id='par_1_10' title="bbox 151 1215 979 1297">
     <span class='ocr_line' id='line_1_12' title="bbox 151 1215 979 1297; baseline -0.001 -20"><span class='ocrx_word' id='word_1_72' title='bbox 151 1219 178 1277; x_wconf 87' lang='lat' dir='ltr'>ri</span> <span class='ocrx_word' id='word_1_73' title='bbox 199 1217 333 1296; x_wconf 90' lang='lat' dir='ltr'>populat:</span> <span class='ocrx_word' id='word_1_74' title='bbox 356 1224 436 1297; x_wconf 92' lang='lat' dir='ltr'>petet</span> <span class='ocrx_word' id='word_1_75' title='bbox 455 1215 503 1278; x_wconf 93' lang='lat' dir='ltr'>ille</span> <span class='ocrx_word' id='word_1_76' title='bbox 525 1216 623 1295; x_wconf 86' lang='lat' dir='ltr'>fugam</span> <span class='ocrx_word' id='word_1_77' title='bbox 643 1219 815 1295; x_wconf 86' lang='lat' dir='ltr'>penitusque</span> <span class='ocrx_word' id='word_1_78' title='bbox 834 1216 979 1296; x_wconf 91' lang='lat' dir='ltr'>profundo</span> 
     </span>
    </p>

    <p class='ocr_par' dir='ltr' id='par_1_11' title="bbox 152 1300 851 1363">
     <span class='ocr_line' id='line_1_13' title="bbox 152 1300 851 1363; baseline 0.001 -3"><span class='ocrx_word' id='word_1_79' title='bbox 152 1301 214 1363; x_wconf 83' lang='lat' dir='ltr'>vela</span> <span class='ocrx_word' id='word_1_80' title='bbox 235 1300 323 1362; x_wconf 89' lang='lat' dir='ltr'>dabit.</span> <span class='ocrx_word' id='word_1_81' title='bbox 357 1317 407 1360; x_wconf 85' lang='lat' dir='ltr'>vos</span> <span class='ocrx_word' id='word_1_82' title='bbox 428 1300 557 1361; x_wconf 89' lang='lat' dir='ltr'>unanimi</span> <span class='ocrx_word' id='word_1_83' title='bbox 581 1300 700 1363; x_wconf 87' lang='lat' dir='ltr'>densete</span> <span class='ocrx_word' id='word_1_84' title='bbox 723 1307 851 1361; x_wconf 80' lang='lat' dir='ltr'>catervas</span> 
     </span>
    </p>

    <p class='ocr_par' dir='ltr' id='par_1_12' title="bbox 152 1382 845 1463">
     <span class='ocr_line' id='line_1_14' title="bbox 152 1382 845 1463; baseline -0.001 -18"><span class='ocrx_word' id='word_1_85' title='bbox 152 1393 180 1445; x_wconf 93' lang='lat' dir='ltr'>et</span> <span class='ocrx_word' id='word_1_86' title='bbox 201 1401 303 1461; x_wconf 91' lang='lat' dir='ltr'>rogem</span> <span class='ocrx_word' id='word_1_87' title='bbox 324 1382 406 1445; x_wconf 84' lang='lat' dir='ltr'>vohis</span> <span class='ocrx_word' id='word_1_88' title='bbox 425 1401 523 1462; x_wconf 88' lang='lat' dir='ltr'>pugna</span> <span class='ocrx_word' id='word_1_89' title='bbox 543 1383 690 1445; x_wconf 77' lang='lat' dir='ltr'>defendite</span> <span class='ocrx_word' id='word_1_90' title='bbox 709 1385 845 1463; x_wconf 66' lang='lat' dir='ltr'>raptum!</span> 
     </span>
    </p>

    <p class='ocr_par' dir='ltr' id='par_1_13' title="bbox 152 1467 864 1529">
     <span class='ocr_line' id='line_1_15' title="bbox 152 1467 864 1529; baseline -0.003 -1"><span class='ocrx_word' id='word_1_91' title='bbox 152 1468 223 1528; x_wconf 84' lang='lat' dir='ltr'>dixit</span> <span class='ocrx_word' id='word_1_92' title='bbox 242 1477 270 1529; x_wconf 91' lang='lat' dir='ltr'>et</span> <span class='ocrx_word' id='word_1_93' title='bbox 291 1468 427 1529; x_wconf 84' lang='lat' dir='ltr'>adversos</span> <span class='ocrx_word' id='word_1_94' title='bbox 449 1467 539 1528; x_wconf 91' lang='lat' dir='ltr'>telum</span> <span class='ocrx_word' id='word_1_95' title='bbox 563 1468 702 1528; x_wconf 84' lang='lat' dir='ltr'>contorsit</span> <span class='ocrx_word' id='word_1_96' title='bbox 723 1469 753 1527; x_wconf 94' lang='lat' dir='ltr'>in</span> <span class='ocrx_word' id='word_1_97' title='bbox 774 1467 864 1527; x_wconf 93' lang='lat' dir='ltr'>hostis</span> 
     </span>
    </p>

    <p class='ocr_par' dir='ltr' id='par_1_14' title="bbox 152 1549 990 1629">
     <span class='ocr_line' id='line_1_16' title="bbox 152 1549 990 1629; baseline -0.004 -17"><span class='ocrx_word' id='word_1_98' title='bbox 152 1568 342 1629; x_wconf 86' lang='lat' dir='ltr'>procurrens:</span> <span class='ocrx_word' id='word_1_99' title='bbox 365 1552 491 1612; x_wconf 92' lang='lat' dir='ltr'>sonitum</span> <span class='ocrx_word' id='word_1_100' title='bbox 514 1551 563 1612; x_wconf 92' lang='lat' dir='ltr'>dat</span> <span class='ocrx_word' id='word_1_101' title='bbox 582 1549 703 1612; x_wconf 90' lang='lat' dir='ltr'>stridula</span> <span class='ocrx_word' id='word_1_102' title='bbox 724 1567 832 1611; x_wconf 90' lang='lat' dir='ltr'>cornus</span> <span class='ocrx_word' id='word_1_103' title='bbox 855 1556 990 1611; x_wconf 82' lang='lat' dir='ltr'>staturas</span> 
     </span>
    </p>

    <p class='ocr_par' dir='ltr' id='par_1_15' title="bbox 151 1633 1067 1795">
     <span class='ocr_line' id='line_1_17' title="bbox 151 1633 1067 1711; baseline -0.001 -15"><span class='ocrx_word' id='word_1_104' title='bbox 151 1643 230 1696; x_wconf 91' lang='lat' dir='ltr'>certa</span> <span class='ocrx_word' id='word_1_105' title='bbox 250 1643 337 1696; x_wconf 85' lang='lat' dir='ltr'>secat.</span> <span class='ocrx_word' id='word_1_106' title='bbox 368 1634 454 1695; x_wconf 92' lang='lat' dir='ltr'>simul</span> <span class='ocrx_word' id='word_1_107' title='bbox 474 1635 539 1703; x_wconf 91' lang='lat' dir='ltr'>hoc,</span> <span class='ocrx_word' id='word_1_108' title='bbox 563 1634 649 1694; x_wconf 90' lang='lat' dir='ltr'>simul</span> <span class='ocrx_word' id='word_1_109' title='bbox 671 1635 772 1711; x_wconf 88' lang='lat' dir='ltr'>ingens</span> <span class='ocrx_word' id='word_1_110' title='bbox 791 1633 899 1694; x_wconf 87' lang='lat' dir='ltr'>clamor</span> <span class='ocrx_word' id='word_1_111' title='bbox 918 1641 947 1694; x_wconf 91' lang='lat' dir='ltr'>et</span> <span class='ocrx_word' id='word_1_112' title='bbox 964 1650 1067 1695; x_wconf 87' lang='lat' dir='ltr'>omnes</span> 
     </span>
     <span class='ocr_line' id='line_1_18' title="bbox 152 1715 848 1795; baseline 0 -18"><span class='ocrx_word' id='word_1_113' title='bbox 152 1718 260 1778; x_wconf 88' lang='lat' dir='ltr'>turbati</span> <span class='ocrx_word' id='word_1_114' title='bbox 279 1719 363 1778; x_wconf 88' lang='lat' dir='ltr'>cunei</span> <span class='ocrx_word' id='word_1_115' title='bbox 384 1718 581 1795; x_wconf 77' lang='lat' dir='ltr'>calefactaque</span> <span class='ocrx_word' id='word_1_116' title='bbox 604 1718 692 1779; x_wconf 91' lang='lat' dir='ltr'>corda</span> <span class='ocrx_word' id='word_1_117' title='bbox 714 1715 848 1778; x_wconf 93' lang='lat' dir='ltr'>tumultu.</span> 
     </span>
    </p>

    <p class='ocr_par' dir='ltr' id='par_1_16' title="bbox 152 1799 1159 1963">
     <span class='ocr_line' id='line_1_19' title="bbox 152 1799 1159 1879; baseline 0 -18"><span class='ocrx_word' id='word_1_118' title='bbox 152 1800 232 1862; x_wconf 90' lang='lat' dir='ltr'>hasta</span> <span class='ocrx_word' id='word_1_119' title='bbox 253 1799 361 1869; x_wconf 84' lang='lat' dir='ltr'>volans,</span> <span class='ocrx_word' id='word_1_120' title='bbox 385 1809 417 1860; x_wconf 92' lang='lat' dir='ltr'>ut</span> <span class='ocrx_word' id='word_1_121' title='bbox 438 1803 513 1861; x_wconf 89' lang='lat' dir='ltr'>forte</span> <span class='ocrx_word' id='word_1_122' title='bbox 532 1818 636 1861; x_wconf 85' lang='lat' dir='ltr'>novem</span> <span class='ocrx_word' id='word_1_123' title='bbox 657 1800 854 1879; x_wconf 86' lang='lat' dir='ltr'>pulcherrima</span> <span class='ocrx_word' id='word_1_124' title='bbox 876 1800 999 1860; x_wconf 89' lang='lat' dir='ltr'>fratrum</span> <span class='ocrx_word' id='word_1_125' title='bbox 1103 1807 1159 1861; x_wconf 68' lang='lat' dir='ltr'>nti</span> 
     </span>
     <span class='ocr_line' id='line_1_20' title="bbox 152 1883 922 1963; baseline -0.001 -21"><span class='ocrx_word' id='word_1_126' title='bbox 152 1900 274 1963; x_wconf 90' lang='lat' dir='ltr'>corpora</span> <span class='ocrx_word' id='word_1_127' title='bbox 295 1885 483 1943; x_wconf 82' lang='lat' dir='ltr'>constiterant</span> <span class='ocrx_word' id='word_1_128' title='bbox 504 1891 614 1951; x_wconf 87' lang='lat' dir='ltr'>contra,</span> <span class='ocrx_word' id='word_1_129' title='bbox 637 1901 710 1962; x_wconf 93' lang='lat' dir='ltr'>quos</span> <span class='ocrx_word' id='word_1_130' title='bbox 732 1883 789 1943; x_wconf 85' lang='lat' dir='ltr'>fida</span> <span class='ocrx_word' id='word_1_131' title='bbox 809 1889 922 1944; x_wconf 88' lang='lat' dir='ltr'>crearat</span> 
     </span>
    </p>

    <p class='ocr_par' dir='ltr' id='par_1_17' title="bbox 150 1964 888 2044">
     <span class='ocr_line' id='line_1_21' title="bbox 150 1964 888 2044; baseline 0.001 -20"><span class='ocrx_word' id='word_1_132' title='bbox 150 1982 208 2025; x_wconf 90' lang='lat' dir='ltr'>una</span> <span class='ocrx_word' id='word_1_133' title='bbox 228 1973 271 2024; x_wconf 92' lang='lat' dir='ltr'>tot</span> <span class='ocrx_word' id='word_1_134' title='bbox 291 1966 414 2025; x_wconf 77' lang='lat' dir='ltr'>Arcadio</span> <span class='ocrx_word' id='word_1_135' title='bbox 437 1968 564 2026; x_wconf 88' lang='lat' dir='ltr'>coniunx</span> <span class='ocrx_word' id='word_1_136' title='bbox 583 1965 735 2044; x_wconf 80' lang='lat' dir='ltr'>Tyrrhena</span> <span class='ocrx_word' id='word_1_137' title='bbox 757 1964 888 2044; x_wconf 78' lang='lat' dir='ltr'>Gylippo,</span> 
     </span>
    </p>

    <p class='ocr_par' dir='ltr' id='par_1_18' title="bbox 151 2047 981 2127">
     <span class='ocr_line' id='line_1_22' title="bbox 151 2047 981 2127; baseline 0 -19"><span class='ocrx_word' id='word_1_138' title='bbox 151 2048 257 2108; x_wconf 91' lang='lat' dir='ltr'>horum</span> <span class='ocrx_word' id='word_1_139' title='bbox 277 2066 368 2108; x_wconf 91' lang='lat' dir='ltr'>unum</span> <span class='ocrx_word' id='word_1_140' title='bbox 385 2049 422 2109; x_wconf 88' lang='lat' dir='ltr'>ad</span> <span class='ocrx_word' id='word_1_141' title='bbox 443 2047 582 2116; x_wconf 89' lang='lat' dir='ltr'>medium,</span> <span class='ocrx_word' id='word_1_142' title='bbox 605 2049 708 2108; x_wconf 90' lang='lat' dir='ltr'>teritur</span> <span class='ocrx_word' id='word_1_143' title='bbox 727 2065 784 2127; x_wconf 88' lang='lat' dir='ltr'>qua</span> <span class='ocrx_word' id='word_1_144' title='bbox 806 2047 896 2109; x_wconf 91' lang='lat' dir='ltr'>sutilis</span> <span class='ocrx_word' id='word_1_145' title='bbox 919 2047 981 2110; x_wconf 84' lang='lat' dir='ltr'>alvo</span> 
     </span>
    </p>

    <p class='ocr_par' dir='ltr' id='par_1_19' title="bbox 150 2129 874 2207">
     <span class='ocr_line' id='line_1_23' title="bbox 150 2129 874 2207; baseline 0 -16"><span class='ocrx_word' id='word_1_146' title='bbox 150 2129 262 2191; x_wconf 89' lang='lat' dir='ltr'>balteus</span> <span class='ocrx_word' id='word_1_147' title='bbox 284 2138 312 2190; x_wconf 90' lang='lat' dir='ltr'>et</span> <span class='ocrx_word' id='word_1_148' title='bbox 330 2130 453 2192; x_wconf 89' lang='lat' dir='ltr'>laterum</span> <span class='ocrx_word' id='word_1_149' title='bbox 474 2133 622 2207; x_wconf 91' lang='lat' dir='ltr'>iuncturas</span> <span class='ocrx_word' id='word_1_150' title='bbox 643 2129 732 2193; x_wconf 85' lang='lat' dir='ltr'>fibula</span> <span class='ocrx_word' id='word_1_151' title='bbox 751 2131 874 2201; x_wconf 91' lang='lat' dir='ltr'>mordet,</span> 
     </span>
    </p>

    <p class='ocr_par' dir='ltr' id='par_1_20' title="bbox 150 2212 1158 2376">
     <span class='ocr_line' id='line_1_24' title="bbox 151 2212 1158 2291; baseline 0.005 -18"><span class='ocrx_word' id='word_1_152' title='bbox 151 2215 300 2291; x_wconf 90' lang='lat' dir='ltr'>egregium</span> <span class='ocrx_word' id='word_1_153' title='bbox 321 2214 414 2274; x_wconf 88' lang='lat' dir='ltr'>forma</span> <span class='ocrx_word' id='word_1_154' title='bbox 436 2216 571 2274; x_wconf 84' lang='lat' dir='ltr'>iuvenem</span> <span class='ocrx_word' id='word_1_155' title='bbox 590 2220 618 2273; x_wconf 93' lang='lat' dir='ltr'>et</span> <span class='ocrx_word' id='word_1_156' title='bbox 639 2212 817 2290; x_wconf 75' lang='lat' dir='ltr'>fulgentibus</span> <span class='ocrx_word' id='word_1_157' title='bbox 839 2216 928 2275; x_wconf 91' lang='lat' dir='ltr'>armis</span> <span class='ocrx_word' id='word_1_158' title='bbox 1103 2225 1158 2278; x_wconf 76' lang='lat' dir='ltr'>m</span> 
     </span>
     <span class='ocr_line' id='line_1_25' title="bbox 150 2296 865 2376; baseline 0.001 -20"><span class='ocrx_word' id='word_1_159' title='bbox 150 2297 319 2376; x_wconf 80' lang='lat' dir='ltr'>transadigit</span> <span class='ocrx_word' id='word_1_160' title='bbox 336 2304 429 2357; x_wconf 88' lang='lat' dir='ltr'>costas</span> <span class='ocrx_word' id='word_1_161' title='bbox 451 2296 585 2375; x_wconf 85' lang='lat' dir='ltr'>fulvaque</span> <span class='ocrx_word' id='word_1_162' title='bbox 606 2297 728 2357; x_wconf 83' lang='lat' dir='ltr'>effundit</span> <span class='ocrx_word' id='word_1_163' title='bbox 747 2296 865 2358; x_wconf 91' lang='lat' dir='ltr'>harena.</span> 
     </span>
    </p>

    <p class='ocr_par' dir='ltr' id='par_1_21' title="bbox 149 2379 921 2460">
     <span class='ocr_line' id='line_1_26' title="bbox 149 2379 921 2460; baseline 0.004 -20"><span class='ocrx_word' id='word_1_164' title='bbox 149 2388 178 2441; x_wconf 88' lang='lat' dir='ltr'>at</span> <span class='ocrx_word' id='word_1_165' title='bbox 198 2382 312 2451; x_wconf 89' lang='lat' dir='ltr'>fratres,</span> <span class='ocrx_word' id='word_1_166' title='bbox 333 2381 462 2455; x_wconf 88' lang='lat' dir='ltr'>animosa</span> <span class='ocrx_word' id='word_1_167' title='bbox 483 2379 610 2459; x_wconf 89' lang='lat' dir='ltr'>phalanx</span> <span class='ocrx_word' id='word_1_168' title='bbox 631 2397 811 2460; x_wconf 87' lang='lat' dir='ltr'>accensaque</span> <span class='ocrx_word' id='word_1_169' title='bbox 831 2380 921 2452; x_wconf 89' lang='lat' dir='ltr'>luctu,</span> 
     </span>
    </p>

    <p class='ocr_par' dir='ltr' id='par_1_22' title="bbox 149 2463 1029 2626">
     <span class='ocr_line' id='line_1_27' title="bbox 149 2463 1029 2544; baseline 0.001 -19"><span class='ocrx_word' id='word_1_170' title='bbox 149 2482 218 2544; x_wconf 85' lang='lat' dir='ltr'>pars</span> <span class='ocrx_word' id='word_1_171' title='bbox 240 2464 349 2542; x_wconf 83' lang='lat' dir='ltr'>gladios</span> <span class='ocrx_word' id='word_1_172' title='bbox 372 2466 519 2541; x_wconf 91' lang='lat' dir='ltr'>stringunt</span> <span class='ocrx_word' id='word_1_173' title='bbox 538 2463 681 2534; x_wconf 88' lang='lat' dir='ltr'>manibus,</span> <span class='ocrx_word' id='word_1_174' title='bbox 704 2482 772 2542; x_wconf 90' lang='lat' dir='ltr'>pars</span> <span class='ocrx_word' id='word_1_175' title='bbox 791 2463 899 2526; x_wconf 89' lang='lat' dir='ltr'>missile</span> <span class='ocrx_word' id='word_1_176' title='bbox 918 2464 1029 2526; x_wconf 91' lang='lat' dir='ltr'>forrum</span> 
     </span>
     <span class='ocr_line' id='line_1_28' title="bbox 150 2549 955 2626; baseline -0.002 -15"><span class='ocrx_word' id='word_1_177' title='bbox 150 2549 312 2626; x_wconf 90' lang='lat' dir='ltr'>corripiunt</span> <span class='ocrx_word' id='word_1_178' title='bbox 332 2549 471 2625; x_wconf 89' lang='lat' dir='ltr'>caecique</span> <span class='ocrx_word' id='word_1_179' title='bbox 490 2556 589 2608; x_wconf 91' lang='lat' dir='ltr'>ruunt.</span> <span class='ocrx_word' id='word_1_180' title='bbox 622 2565 695 2624; x_wconf 91' lang='lat' dir='ltr'>quos</span> <span class='ocrx_word' id='word_1_181' title='bbox 716 2549 832 2624; x_wconf 85' lang='lat' dir='ltr'>agmina</span> <span class='ocrx_word' id='word_1_182' title='bbox 854 2555 955 2609; x_wconf 84' lang='lat' dir='ltr'>contra</span> 
     </span>
    </p>

    <p class='ocr_par' dir='ltr' id='par_1_23' title="bbox 149 2631 1158 2795">
     <span class='ocr_line' id='line_1_29' title="bbox 149 2631 1158 2709; baseline -0.002 -16"><span class='ocrx_word' id='word_1_183' title='bbox 149 2638 328 2709; x_wconf 91' lang='lat' dir='ltr'>procurrunt</span> <span class='ocrx_word' id='word_1_184' title='bbox 349 2632 535 2701; x_wconf 86' lang='lat' dir='ltr'>Laurentum,</span> <span class='ocrx_word' id='word_1_185' title='bbox 556 2631 626 2692; x_wconf 90' lang='lat' dir='ltr'>hinc</span> <span class='ocrx_word' id='word_1_186' title='bbox 648 2631 730 2692; x_wconf 89' lang='lat' dir='ltr'>densi</span> <span class='ocrx_word' id='word_1_187' title='bbox 752 2649 854 2692; x_wconf 91' lang='lat' dir='ltr'>rursus</span> <span class='ocrx_word' id='word_1_188' title='bbox 874 2631 1014 2708; x_wconf 89' lang='lat' dir='ltr'>inundant</span> <span class='ocrx_word' id='word_1_189' title='bbox 1101 2641 1158 2698; x_wconf 76' lang='lat' dir='ltr'>aso</span> 
     </span>
     <span class='ocr_line' id='line_1_30' title="bbox 149 2713 869 2795; baseline 0.001 -21"><span class='ocrx_word' id='word_1_190' title='bbox 149 2713 241 2776; x_wconf 79' lang='lat' dir='ltr'>&#39;l&#39;roes</span> <span class='ocrx_word' id='word_1_191' title='bbox 261 2713 443 2795; x_wconf 74' lang='lat' dir='ltr'>Agyllinique</span> <span class='ocrx_word' id='word_1_192' title='bbox 461 2723 490 2776; x_wconf 90' lang='lat' dir='ltr'>et</span> <span class='ocrx_word' id='word_1_193' title='bbox 509 2715 595 2793; x_wconf 90' lang='lat' dir='ltr'>pictis</span> <span class='ocrx_word' id='word_1_194' title='bbox 616 2715 744 2776; x_wconf 74' lang='lat' dir='ltr'>Arcades</span> <span class='ocrx_word' id='word_1_195' title='bbox 765 2716 869 2775; x_wconf 89' lang='lat' dir='ltr'>armis:</span> 
     </span>
    </p>

    <p class='ocr_par' dir='ltr' id='par_1_24' title="bbox 149 2797 901 2860">
     <span class='ocr_line' id='line_1_31' title="bbox 149 2797 901 2860; baseline 0.001 -4"><span class='ocrx_word' id='word_1_196' title='bbox 149 2798 192 2858; x_wconf 92' lang='lat' dir='ltr'>sic</span> <span class='ocrx_word' id='word_1_197' title='bbox 210 2799 304 2858; x_wconf 91' lang='lat' dir='ltr'>omnis</span> <span class='ocrx_word' id='word_1_198' title='bbox 322 2816 404 2860; x_wconf 90' lang='lat' dir='ltr'>amor</span> <span class='ocrx_word' id='word_1_199' title='bbox 425 2815 501 2859; x_wconf 90' lang='lat' dir='ltr'>unus</span> <span class='ocrx_word' id='word_1_200' title='bbox 521 2797 611 2858; x_wconf 90' lang='lat' dir='ltr'>habet</span> <span class='ocrx_word' id='word_1_201' title='bbox 628 2797 788 2859; x_wconf 90' lang='lat' dir='ltr'>decernere</span> <span class='ocrx_word' id='word_1_202' title='bbox 811 2799 901 2859; x_wconf 87' lang='lat' dir='ltr'>ferro.</span> 
     </span>
    </p>

    <p class='ocr_par' dir='ltr' id='par_1_25' title="bbox 150 2879 760 2957">
     <span class='ocr_line' id='line_1_32' title="bbox 150 2879 760 2957; baseline 0 -18"><span class='ocrx_word' id='word_1_203' title='bbox 150 2879 297 2957; x_wconf 92' lang='lat' dir='ltr'>diripuere</span> <span class='ocrx_word' id='word_1_204' title='bbox 319 2899 384 2941; x_wconf 88' lang='lat' dir='ltr'>aras</span> <span class='ocrx_word' id='word_1_205' title='bbox 407 2882 438 2957; x_wconf 82' lang='lat' dir='ltr'>(it</span> <span class='ocrx_word' id='word_1_206' title='bbox 457 2888 519 2941; x_wconf 91' lang='lat' dir='ltr'>toto</span> <span class='ocrx_word' id='word_1_207' title='bbox 541 2879 659 2940; x_wconf 89' lang='lat' dir='ltr'>turbida</span> <span class='ocrx_word' id='word_1_208' title='bbox 680 2880 760 2941; x_wconf 91' lang='lat' dir='ltr'>caelo</span> 
     </span>
    </p>

    <p class='ocr_par' dir='ltr' id='par_1_26' title="bbox 149 2961 1157 3125">
     <span class='ocr_line' id='line_1_33' title="bbox 149 2961 1153 3043; baseline -0.004 -21"><span class='ocrx_word' id='word_1_209' title='bbox 149 2968 305 3041; x_wconf 84' lang='lat' dir='ltr'>tempestas</span> <span class='ocrx_word' id='word_1_210' title='bbox 322 2963 447 3025; x_wconf 88' lang='lat' dir='ltr'>telorum</span> <span class='ocrx_word' id='word_1_211' title='bbox 469 2980 503 3022; x_wconf 90' lang='lat' dir='ltr'>ac</span> <span class='ocrx_word' id='word_1_212' title='bbox 524 2961 638 3022; x_wconf 90' lang='lat' dir='ltr'>ferreus</span> <span class='ocrx_word' id='word_1_213' title='bbox 658 2964 770 3039; x_wconf 93' lang='lat' dir='ltr'>ingruit</span> <span class='ocrx_word' id='word_1_214' title='bbox 788 2963 891 3043; x_wconf 89' lang='lat' dir='ltr'>imber)</span> <span class='ocrx_word' id='word_1_215' title='bbox 1151 3014 1153 3018; x_wconf 87' lang='lat'>.</span> 
     </span>
     <span class='ocr_line' id='line_1_34' title="bbox 150 3043 1157 3125; baseline 0.004 -21"><span class='ocrx_word' id='word_1_216' title='bbox 150 3053 336 3125; x_wconf 87' lang='lat' dir='ltr'>craterasque</span> <span class='ocrx_word' id='word_1_217' title='bbox 359 3046 497 3122; x_wconf 90' lang='lat' dir='ltr'>focosque</span> <span class='ocrx_word' id='word_1_218' title='bbox 517 3043 623 3103; x_wconf 89' lang='lat' dir='ltr'>ferunt.</span> <span class='ocrx_word' id='word_1_219' title='bbox 655 3044 728 3121; x_wconf 91' lang='lat' dir='ltr'>fugit</span> <span class='ocrx_word' id='word_1_220' title='bbox 748 3045 810 3122; x_wconf 89' lang='lat' dir='ltr'>ipse</span> <span class='ocrx_word' id='word_1_221' title='bbox 829 3046 946 3109; x_wconf 89' lang='lat' dir='ltr'>Latinus</span> <span class='ocrx_word' id='word_1_222' title='bbox 1099 3057 1157 3114; x_wconf 71' lang='lat' dir='ltr'>ma</span> 
     </span>
    </p>
   </div>
   <div class='ocr_carea' id='block_1_3' title="bbox 149 3125 953 3533">
    <p class='ocr_par' dir='ltr' id='par_1_27' title="bbox 149 3125 953 3533">
     <span class='ocr_line' id='line_1_35' title="bbox 149 3125 807 3206; baseline -0.003 -18"><span class='ocrx_word' id='word_1_223' title='bbox 149 3127 279 3206; x_wconf 90' lang='lat' dir='ltr'>pulsatos</span> <span class='ocrx_word' id='word_1_224' title='bbox 298 3131 428 3190; x_wconf 85' lang='lat' dir='ltr'>referens</span> <span class='ocrx_word' id='word_1_225' title='bbox 449 3127 555 3194; x_wconf 88' lang='lat' dir='ltr'>infecto</span> <span class='ocrx_word' id='word_1_226' title='bbox 578 3125 698 3186; x_wconf 88' lang='lat' dir='ltr'>foedere</span> <span class='ocrx_word' id='word_1_227' title='bbox 718 3126 807 3187; x_wconf 83' lang='lat' dir='ltr'>diros.</span> 
     </span>
     <span class='ocr_line' id='line_1_36' title="bbox 149 3209 797 3286; baseline 0.002 -17"><span class='ocrx_word' id='word_1_228' title='bbox 149 3211 294 3273; x_wconf 87' lang='lat' dir='ltr'>infrenant</span> <span class='ocrx_word' id='word_1_229' title='bbox 313 3212 360 3272; x_wconf 85' lang='lat' dir='ltr'>alil</span> <span class='ocrx_word' id='word_1_230' title='bbox 382 3227 487 3272; x_wconf 92' lang='lat' dir='ltr'>currus</span> <span class='ocrx_word' id='word_1_231' title='bbox 508 3216 557 3269; x_wconf 87' lang='lat' dir='ltr'>aut</span> <span class='ocrx_word' id='word_1_232' title='bbox 579 3226 704 3286; x_wconf 91' lang='lat' dir='ltr'>corpora</span> <span class='ocrx_word' id='word_1_233' title='bbox 725 3209 797 3270; x_wconf 91' lang='lat' dir='ltr'>saltu</span> 
     </span>
     <span class='ocr_line' id='line_1_37' title="bbox 150 3290 903 3374; baseline 0.005 -23"><span class='ocrx_word' id='word_1_234' title='bbox 150 3293 294 3355; x_wconf 87' lang='lat' dir='ltr'>subiciunt</span> <span class='ocrx_word' id='word_1_235' title='bbox 313 3297 343 3355; x_wconf 93' lang='lat' dir='ltr'>in</span> <span class='ocrx_word' id='word_1_236' title='bbox 364 3312 453 3374; x_wconf 89' lang='lat' dir='ltr'>equos</span> <span class='ocrx_word' id='word_1_237' title='bbox 474 3300 502 3354; x_wconf 89' lang='lat' dir='ltr'>et</span> <span class='ocrx_word' id='word_1_238' title='bbox 523 3293 630 3351; x_wconf 88' lang='lat' dir='ltr'>strictis</span> <span class='ocrx_word' id='word_1_239' title='bbox 652 3290 767 3353; x_wconf 86' lang='lat' dir='ltr'>ensibus</span> <span class='ocrx_word' id='word_1_240' title='bbox 790 3294 903 3355; x_wconf 90' lang='lat' dir='ltr'>adsunt.</span> 
     </span>
     <span class='ocr_line' id='line_1_38' title="bbox 150 3375 890 3456; baseline 0.003 -21"><span class='ocrx_word' id='word_1_241' title='bbox 150 3375 298 3456; x_wconf 84' lang='lat' dir='ltr'>Messapus</span> <span class='ocrx_word' id='word_1_242' title='bbox 319 3395 420 3455; x_wconf 91' lang='lat' dir='ltr'>regem</span> <span class='ocrx_word' id='word_1_243' title='bbox 441 3377 575 3454; x_wconf 88' lang='lat' dir='ltr'>regisque</span> <span class='ocrx_word' id='word_1_244' title='bbox 596 3375 709 3452; x_wconf 92' lang='lat' dir='ltr'>insigne</span> <span class='ocrx_word' id='word_1_245' title='bbox 731 3383 890 3453; x_wconf 88' lang='lat' dir='ltr'>gerentem,</span> 
     </span>
     <span class='ocr_line' id='line_1_39' title="bbox 150 3456 953 3533; baseline 0 -13"><span class='ocrx_word' id='word_1_246' title='bbox 150 3456 333 3521; x_wconf 82' lang='lat' dir='ltr'>Tvrrhenum</span> <span class='ocrx_word' id='word_1_247' title='bbox 355 3460 501 3527; x_wconf 69' lang='lat' dir='ltr'>sudaster,</span> <span class='ocrx_word' id='word_1_248' title='bbox 519 3458 618 3519; x_wconf 85' lang='lat' dir='ltr'>avidus</span> <span class='ocrx_word' id='word_1_249' title='bbox 641 3458 820 3533; x_wconf 82' lang='lat' dir='ltr'>confundere</span> <span class='ocrx_word' id='word_1_250' title='bbox 842 3460 953 3530; x_wconf 88' lang='lat' dir='ltr'>foedus,</span> 
     </span>
    </p>
   </div>
   <div class='ocr_carea' id='block_1_4' title="bbox 0 0 1204 3878">
    <p class='ocr_par' dir='ltr' id='par_1_28' title="bbox 0 0 1204 3878">
     <span class='ocr_line' id='line_1_40' title="bbox 0 0 1204 3878; baseline 0 0"><span class='ocrx_word' id='word_1_251' title='bbox 0 0 1204 3878; x_wconf 95' lang='lat' dir='ltr'> </span> 
     </span>
    </p>
   </div>
  </div>
 </body>
</html>
