2400 3878
428 209 571 259 venenu
588 208 713 258 000000
729 209 778 257 vu
1049 195 1111 256 225

94 370 269 434 Dardaniam
290 366 388 429 Siculo
411 366 566 447 prospexit
587 364 623 427 ab
645 383 740 446 usque
762 364 911 442 Pachyno.

94 455 191 517 moliri
213 455 272 513 iam
293 460 370 514 tecta
394 453 480 522 videt,
504 453 562 512 iam
583 450 677 512 fldere
697 459 805 520 terrae,
1061 456 1113 508 290

94 539 260 601 deseruisse
282 544 378 599 rates:
400 537 478 597 stetit
500 535 561 596 aeri
581 536 637 595 lixa
659 533 772 596 dolore.

94 633 157 686 tum
180 639 320 702 quassans
341 629 430 701 caput
449 619 523 680 haec
544 618 666 681 effundit
685 625 807 698 pectore
829 618 921 679 dieta:

95 709 169 770 ‘heu
191 707 313 785 stirpem
333 706 455 767 inrisam
478 713 506 765 et
527 703 594 764 latis
614 705 762 764 contraria
787 704 896 764 nostris

93 794 152 853 lata
173 790 337 870 Phrygum!
360 807 432 850 num
454 788 548 866 Sigeis
571 788 749 850 occumbere
768 789 889 866 eampis,

95 895 165 937 oum
187 877 263 956 eapti
285 880 408 953 potuere
428 874 510 952 capii
531 891 603 933 uum
624 873 744 934 incensa
767 872 908 934 cremavit
1061 877 1113 929 200

94 960 183 1021 Troia
206 959 303 1021 virosi
326 959 438 1021 medias
460 958 538 1020 eoies
558 957 731 1037 mediosque
751 974 805 1035 per
825 957 900 1035 ignis

95 1046 234 1105 invenere
256 1043 341 1104 riam
375 1050 413 1114 at,
437 1042 537 1111 oredo,
561 1060 626 1104 mea
648 1042 769 1102 numina
790 1040 909 1103 taudem

94 1130 170 1190 fessa
192 1131 290 1190 lacent
312 1128 386 1187 odiis
408 1135 459 1189 aut
483 1132 648 1188 exsaturata
670 1127 775 1207 quievi,

95 1215 165 1293 quin
186 1215 274 1274 etiam
293 1212 388 1292 patria
412 1229 552 1273 excussos
573 1211 677 1272 infesta
699 1228 753 1290 per
776 1211 870 1272 undas

95 1315 164 1358 ausa
185 1298 267 1376 sequi
289 1305 319 1357 et
336 1296 469 1374 profugis
494 1303 556 1356 toto
578 1315 627 1357 me
648 1313 801 1374 opponere
821 1297 927 1375 ponto!
1062 1300 1115 1352 300

95 1380 269 1459 absumptae
292 1380 321 1440 in
343 1380 475 1440 Teucros
496 1381 574 1440 vires
597 1377 729 1458 caelique
750 1381 908 1458 marisque.

96 1466 165 1545 quid
188 1465 289 1544 Syrtes
310 1471 360 1524 aut
383 1462 478 1542 Scylla
499 1463 579 1532 mihi,
603 1462 673 1541 quid
695 1472 774 1523 vasta
797 1462 958 1544 Charybdis

95 1549 221 1647 profuit.
194 1548 224 1607 tl
244 1554 342 1626 optato
367 1547 534 1608 conduntur
555 1545 713 1624 Thybridis
735 1545 828 1616 alveo,

96 1634 193 1694 securi
215 1631 312 1714 pelagi
335 1640 423 1709 atque
445 1631 512 1692 mei.
545 1630 625 1693 Mars
647 1630 774 1709 perdere
797 1639 915 1707 gentem

96 1721 254 1779 immanem
274 1716 359 1794 Lapit
347 1715 430 1776 thum
452 1713 550 1788 valuit,
573 1715 747 1775 noncessit
739 1733 768 1775 rn
790 1717 850 1775 iras
1063 1721 1115 1775 305

96 1805 160 1883 ipse
181 1801 268 1862 deum
291 1802 441 1879 antiquam
465 1800 580 1877 genitor
603 1797 749 1878 Calydona
771 1799 890 1871 Dianae

97 1886 176 1963 quod
198 1883 294 1947 scelus
315 1892 365 1946 aut
385 1883 516 1964 Lapithis
537 1891 652 1945 tantum
674 1892 725 1944 aut
742 1882 889 1964 Calydone
911 1885 1061 1948 merente?

96 1979 141 2030 ast
163 1988 217 2049 ego
240 1986 346 2048 magna
368 1968 443 2030 lovis
466 1969 603 2039 coniunx,
626 1967 667 2029 nil
689 1968 824 2047 linquere
846 1971 982 2032 inausum

98 2073 173 2134 quae
193 2055 277 2136 potui
299 2052 408 2125 infelix,
432 2071 507 2133 quae
528 2059 639 2115 memet
660 2055 691 2113 iu
713 2054 811 2114 omnia
834 2056 916 2126 verti,

96 2140 197 2200 vincor
219 2138 256 2199 ab
271 2138 378 2200 Aenea.
414 2137 493 2217 quod
515 2139 539 2198 si
560 2157 627 2200 mea
647 2139 767 2199 numina
789 2156 849 2200 uon
868 2146 937 2200 sunt
1064 2144 1117 2199 310

98 2241 202 2302 magna
234 2223 318 2292 satis,
349 2221 480 2285 dubitem
509 2221 581 2283 haut
612 2222 747 2302 equidem
777 2222 927 2302 inplorare
957 2223 1035 2301 quod
1067 2242 1115 2285 00·

718 2324 807 2385 quam
822 2314 880 2368 est:

98 2389 217 2450 flectere
240 2391 264 2450 si
286 2407 400 2469 nequeo
423 2407 556 2469 superos,
575 2390 742 2452 Acheronta
764 2391 900 2452 movebo.

98 2490 157 2533 non
179 2471 296 2533 dabitur
318 2473 419 2551 reguis
439 2472 521 2551 (esto)
541 2473 703 2551 prohibere
725 2474 844 2543 Latinis,

99 2565 187 2635 atque
211 2556 331 2616 immota
351 2565 450 2616 manet
473 2555 538 2616 latis
560 2556 677 2617 Lavinia
700 2558 846 2617 coniunx:

99 2639 268 2701 attrahere
290 2647 378 2719 atque
396 2657 496 2700 moras
518 2642 606 2700 tantis
626 2639 695 2701 licet
717 2640 826 2702 addere
847 2639 948 2712 rebus,
1063 2648 1115 2699 315

99 2732 128 2786 at
150 2723 217 2785 lieet
240 2721 396 2784 amborum
416 2722 541 2803 populos
563 2724 721 2786 excindere
743 2741 857 2802 regum.
1012 2741 1014 2746 ·

99 2810 155 2869 hac
176 2825 268 2887 gener
289 2815 377 2885 atque
398 2825 483 2870 socer
505 2816 609 2870 coeant
629 2809 768 2870 mereede
791 2826 929 2872 suorum:

99 2894 241 2973 sanguine
260 2891 388 2954 Troiano
412 2901 441 2955 et
463 2893 572 2955 Rutulo
595 2893 746 2965 dotabere,
769 2895 861 2975 virgo,

100 2984 129 3039 et
150 2977 270 3038 Bellona
291 2985 391 3039 manet
412 2983 442 3039 te
463 2978 608 3057 pronuba.
641 2996 697 3040 uec
717 2978 781 3042 laee
800 2987 913 3041 tantum

101 3061 206 3123 Cisseis
226 3079 372 3140 praegnas
393 3064 469 3141 ignis
493 3065 576 3125 enixa
598 3064 717 3141 iugalis;

101 3146 172 3224 quin
192 3144 270 3206 idem
291 3144 399 3207 Veneri
421 3155 523 3227 partus
543 3166 615 3209 0000
637 3156 666 3209 et
686 3149 769 3210 Paris
791 3148 864 3211 alter

101 3231 293 3307 funestaeque
312 3230 420 3292 iterum
441 3232 600 3294 recidiva
591 3250 622 3293 m
643 3233 787 3312 Pergama
806 3232 929 3295 taedae'

143 3313 223 3374 Haeo
244 3312 295 3374 ubi
315 3313 391 3376 dieta
414 3314 502 3385 dedit,
522 3323 618 3378 terras
640 3316 789 3378 horrenda
810 3317 925 3396 petivit:

102 3398 259 3458 luctificam
276 3396 388 3460 Allecto
411 3399 543 3460 dirarum
566 3399 602 3461 ab
623 3401 693 3462 sede
714 3401 835 3462 dearum

101 3482 282 3560 infernisque
304 3481 362 3543 ciet
382 3482 522 3552 tenebris,
544 3485 592 3546 eui
611 3485 704 3546 tristia
727 3483 803 3546 bella

169 3595 304 3643 0000000,
324 3596 437 3632 runem.
868 3586 906 3646 15
