2400 3878
137 201 197 260 ³34
461 208 602 255 venenu
617 208 741 255 anunm
759 208 808 255 nn

137 366 180 425 bis
202 367 296 441 agitur
320 365 417 431 iuriis;
440 371 560 440 totoque
582 362 710 422 ardentis
729 363 766 423 ab
788 382 839 423 ore

135 447 276 508 scintillae
299 446 453 513 absiliunt,
474 445 566 506 oculis
586 448 673 506 micat
695 445 811 506 acribus
833 448 922 524 ignis:

136 533 264 608 mugitus
284 529 372 591 veluti
393 548 459 590 cum
483 532 576 607 prima
599 531 628 589 in
646 530 756 606 proelia
775 539 876 590 murus

135 615 278 675 terrificos
298 617 355 674 clet
376 622 463 693 atque
481 615 568 673 irasci
588 615 618 672 in
638 631 746 674 cornua
768 624 899 690 temptat,

136 696 250 757 arboris
270 697 394 757 obnixus
412 706 525 766 trunco,
549 705 707 775 ventosque
727 697 843 757 lacessit

135 780 242 842 lctibus
262 791 312 840 aut
333 799 434 858 sparsa
452 781 487 841 ad
509 797 638 856 pugnam
659 780 789 859 proludit
811 782 930 843 harena.

176 864 237 925 Nec
260 865 357 923 minus
379 866 489 924 interea
509 865 648 926 maternis
667 883 767 924 saevos
789 865 818 924 in
838 868 926 925 nmis

137 950 247 1008 teneas
269 949 346 1008 acuit
366 947 487 1008 Martem
510 957 539 1007 et
560 966 592 1007 se
613 949 732 1008 suscitat
750 950 803 1017 ira,

135 1030 232 1090 oblato
255 1031 386 1107 gaudens
408 1032 543 1108 componi
565 1031 684 1091 loedere
706 1030 826 1091 bellum.

136 1123 197 1173 tum
215 1116 311 1173 socios
331 1116 491 1194 maestique
513 1126 622 1174 metum
645 1115 755 1175 solatur
776 1115 840 1183 tuti,

135 1197 192 1256 lata
216 1198 333 1266 docens,
356 1199 478 1275 regique
499 1198 579 1258 iubet
601 1217 741 1276 responsa
763 1200 864 1259 Latino

136 1293 214 1341 certa
236 1280 350 1341 referre
375 1282 450 1341 viros
472 1292 501 1341 et
522 1284 602 1359 pacis
624 1283 721 1343 dicere
743 1283 850 1359 legen

176 1364 295 1424 Postera
315 1366 360 1425 vix
381 1382 511 1425 summos
533 1364 690 1442 spargebat
709 1365 818 1426 lumine
837 1367 943 1424 montis

135 1458 197 1507 orta
219 1447 289 1516 dies,
313 1467 379 1508 cum
401 1450 528 1526 primum
551 1448 608 1508 alto
627 1468 658 1509 se
679 1452 793 1526 gurgite
814 1447 918 1509 tollunt

134 1530 202 1591 solis
221 1532 287 1607 equi
308 1530 462 1610 lucemque
485 1532 565 1592 elatis
587 1533 706 1593 naribus
724 1532 837 1592 eiilant:

135 1632 270 1693 campum
293 1615 330 1674 ad
352 1625 499 1676 certamen
520 1633 642 1692 magnae
661 1616 715 1675 sub
737 1615 891 1676 moenibus
912 1614 993 1674 urbis

135 1698 257 1757 dimensi
274 1698 433 1776 Rutulique
451 1701 504 1759 viri
523 1699 688 1776 Teucrique
707 1700 851 1777 parabant

134 1783 164 1839 ln
186 1781 341 1858 medioque
362 1783 443 1842 iocos
464 1792 492 1841 et
514 1783 558 1841 dis
577 1783 781 1842 communibus
799 1800 864 1842 aras

134 1866 307 1939 gramineas.
342 1864 389 1922 alli
409 1864 577 1941 fontemque
597 1867 753 1942 ignemque
773 1865 913 1932 serebant,

135 1945 217 2005 velati
240 1946 308 2005 limo
332 1955 360 2005 et
383 1946 508 2006 verbena
530 1958 661 2023 tempora
684 1950 779 2006 vincti.

134 2030 265 2106 procedit
284 2028 359 2106 legio
379 2030 567 2097 Ausonidum,
590 2029 736 2106 pilataque
754 2030 848 2108 plenis

134 2115 249 2190 agmina
271 2131 302 2173 se
323 2113 448 2172 lundunt
467 2115 569 2190 portis.
603 2112 672 2172 hinc
693 2112 799 2173 Troius
822 2115 915 2172 omnis

134 2195 363 2273 Tyrrhenusque
382 2197 440 2255 ruit
460 2197 547 2256 variis
564 2198 709 2256 exercitus
730 2198 827 2264 armis,

134 2280 204 2338 baut
225 2297 309 2340 seem
330 2280 462 2340 instructi
486 2280 576 2349 ferro,
599 2296 686 2357 quam
709 2282 732 2338 si
750 2297 854 2356 aspera
873 2278 972 2339 ldartis

134 2380 231 2440 pugna
253 2372 356 2431 vocet;
380 2381 513 2424 necnon
535 2362 686 2423 mediisin
709 2362 826 2423 milibus
846 2364 900 2438 ipsi

134 2447 271 2508 ductores
291 2465 363 2507 auro
385 2446 503 2508 volitant
525 2457 663 2525 ostroque
686 2445 815 2524 superbi,

135 2541 162 2591 et
185 2549 277 2609 genus
297 2533 430 2592 Assaraci
448 2531 614 2593 Mnestheus
636 2539 664 2589 et
685 2531 769 2590 iortis
790 2529 881 2590 Asilas

135 2624 163 2675 et
185 2615 335 2692 Messapus
356 2632 463 2694 equom
484 2616 619 2682 domitor,
639 2614 784 2690 Neptunia
805 2613 913 2691 proles.

134 2709 224 2774 utque
246 2700 312 2759 dato
337 2700 419 2775 signo
437 2701 529 2776 spatia
551 2700 581 2757 in
603 2715 654 2758 sua
678 2699 798 2775 quisque
820 2697 949 2762 recessit,

134 2781 262 2859 defigunt
283 2781 387 2841 tellure
410 2782 506 2843 hastas
528 2790 556 2842 et
578 2789 659 2841 scuta
678 2779 830 2839 reclinant.

134 2873 195 2924 tum
215 2864 310 2924 studio
332 2865 439 2924 effusae
461 2873 569 2924 matres
588 2873 616 2923 et
636 2862 737 2938 volgus
756 2866 900 2923 inermum

135 2946 307 3022 invalidique
329 2965 413 3006 serres
435 2949 525 3006 turris
548 2964 581 3005 ac
603 2956 678 3006 tecta
701 2945 855 3004 domorum

134 3028 286 3095 obsedere,
309 3028 355 3088 alii
375 3031 466 3105 portis
487 3027 660 3088 sublimibus
683 3028 806 3088 adstant.

174 3116 210 3172 tt
231 3112 302 3172 luno
321 3132 338 3172 e
357 3131 480 3180 summo,
505 3113 554 3188 qui
575 3128 653 3170 nuno
674 3109 803 3170 Albanus
824 3112 948 3172 habetur

135 3200 205 3273 (tum
226 3214 320 3273 neque
342 3214 449 3256 nomen
472 3204 533 3255 erat
554 3212 609 3254 nec
630 3194 722 3252 bonos
744 3202 792 3252 aut
814 3194 905 3272 gloria
924 3193 1036 3270 monti).

134 3281 314 3357 prospiciens
337 3279 448 3340 tmnulo
470 3296 605 3356 campum
626 3277 791 3354 aspectabat
814 3288 842 3336 et
865 3277 964 3337 ambas

133 3363 312 3424 Laurentum
333 3363 499 3441 Troumque
521 3364 597 3421 acies
618 3360 781 3438 urbemque
804 3360 905 3421 Latini.

134 3445 278 3523 extemplo
298 3447 389 3507 Turni
410 3446 452 3506 sic
473 3453 516 3506 est
535 3445 629 3504 adlata
648 3460 778 3504 sororem
