2454 3936
110 1780 165 1836 za

149 1861 169 1938 β

149 2029 168 2107 p

149 2197 168 2275 p

149 2387 167 2444 r

152 2640 169 2698 ἲ

105 2869 166 2925 Hor

147 3053 166 3089 ᾱ

111 3198 169 3343 al

443 202 585 250 rancun
600 202 737 251 ECLOGA
758 203 770 250 1

232 356 358 431 respexit
379 362 476 415 tamen
498 364 527 416 et
548 356 634 433 longo
657 365 721 435 post
743 367 875 436 tempore
895 360 983 430 venit,

232 448 384 516 postquam
407 456 460 497 nos
481 439 632 518 Amaryllis
654 442 756 510 babet,
779 442 897 503 Galatea
917 442 1046 522 reliquit
1082 458 1120 513 50

230 539 369 600 namque,
393 523 506 582 latebor
528 525 618 591 euim,
644 525 713 585 dum
735 543 783 586 mo
805 526 923 587 Galatea
944 526 1072 599 tenebat,

233 625 287 667 uec
308 624 375 683 spes
396 605 537 666 libertatis
560 615 622 667 erat
643 627 698 669 uec
720 627 789 668 cura
812 609 917 687 peculi.

232 691 361 769 quamvis
383 689 471 750 multa
494 692 566 750 meis
588 692 680 751 exiret
700 694 814 753 victima
836 694 952 770 saeptis,

232 775 346 852 pinguis
369 779 397 832 et
418 774 548 850 ingratae
568 783 753 851 premeretur
775 795 877 838 caseus
899 777 975 847 urbi,

233 874 291 917 non
302 874 440 934 umquam
451 859 545 935 gravis
556 877 624 918 aere
633 859 753 919 domum
759 861 830 919 mibi
841 861 1115 929 dextraredibatss

232 942 274 1001 M.
297 939 422 999 llirabar
445 941 513 1018 quid
534 950 643 1002 maesta
666 943 750 1012 deos,
775 943 929 1024 Amarylli,
952 962 1087 1015 vocares;

234 1025 280 1085 oui
301 1024 429 1100 pendere
451 1042 502 1084 sua
524 1028 665 1102 patereris
686 1027 716 1084 in
738 1027 844 1088 arbore
866 1045 968 1105 poma:

232 1108 348 1186 Tityrus
370 1107 437 1167 hinc
458 1108 566 1167 aberat.
596 1110 675 1185 ipsae
696 1116 741 1179 te,
764 1110 877 1189 Tityre,
900 1113 994 1188 pinus,

233 1191 288 1268 ipsi
308 1197 338 1250 te
358 1190 466 1259 tontes,
488 1191 550 1268 ipsa
572 1192 645 1253 liaeo
666 1192 784 1253 arbusta
806 1193 957 1255 vocabant

235 1275 267 1335 T.
290 1273 364 1346 Quid
375 1275 520 1334 lacerem?
536 1293 630 1353 neque
641 1278 758 1336 servitio
771 1296 818 1338 me
831 1279 911 1339 exire
921 1278 1026 1340 licebat
1080 1291 1114 1344 tt

233 1374 288 1419 nec
309 1364 368 1416 tarn
391 1360 551 1435 praesentis
573 1358 639 1419 alibi
662 1378 841 1439 cognoscere
862 1361 952 1422 diros.

231 1443 279 1505 hio
299 1440 380 1502 illum
401 1443 458 1502 ridi
478 1443 627 1513 iuvenem,
649 1443 805 1515 Meliboee,
827 1445 981 1522 quotannis

233 1528 277 1589 bis
299 1545 385 1587 senos
407 1527 453 1589 cui
475 1534 573 1586 nostra
596 1527 657 1587 dies
679 1527 779 1588 altaria
800 1529 922 1589 sumant

231 1612 278 1671 bic
299 1613 369 1671 mibi
391 1629 564 1688 responsum
586 1612 698 1687 primus
721 1611 800 1672 dedit
820 1610 868 1672 ille
889 1611 1014 1688 petenti:

234 1695 352 1771 ‘pascite
373 1703 406 1753 ut
427 1705 492 1754 ante
515 1695 617 1763 boves,
640 1695 739 1771 pueri:
763 1695 932 1756 summittite
945 1694 1064 1756 tauros'
1079 1704 1113 1759 45

228 1779 270 1836 M.
294 1778 453 1837 Fortunate
474 1778 576 1836 senex!
599 1795 669 1855 ergo
692 1785 741 1839 tua
763 1797 833 1839 rura
854 1777 1021 1838 manebunt.

233 1872 262 1921 et
283 1860 335 1921 tibi
356 1877 460 1936 magua
482 1861 565 1928 satis,
590 1863 720 1939 quamvis
741 1861 814 1940 lapis
836 1859 933 1921 omnia
953 1860 1050 1921 nudus

233 1942 394 2022 limosoque
415 1944 499 2023 palus
521 1943 647 2005 obducat
668 1963 776 2022 pascua
796 1946 892 2007 iunco.

232 2045 291 2088 non
313 2030 424 2089 insueta
447 2029 541 2106 gravis
563 2028 745 2107 temptabunt
766 2027 873 2109 pabula
895 2027 977 2100 letas,

233 2129 288 2173 uec
310 2112 384 2173 mala
405 2112 489 2172 ricini
512 2114 626 2189 pecoris
648 2113 780 2191 contagia
801 2112 925 2174 laedent.
1079 2125 1113 2178 5ο

233 2196 377 2258 fortunate
398 2197 501 2257 senex!
523 2197 571 2256 liic
591 2196 667 2257 iuter
689 2195 808 2257 llumina
829 2203 899 2257 nota

234 2287 262 2341 et
283 2281 370 2340 sontis
391 2299 490 2341 sacros
511 2280 603 2359 lrigus
625 2279 754 2358 captabis
775 2297 909 2356 opacum.
943 2282 949 2297 ’

231 2363 299 2425 binc
321 2364 387 2434 tibi,
411 2383 484 2442 quae
506 2382 636 2441 semper,
660 2364 754 2424 vicino
776 2361 813 2422 ab
834 2361 925 2421 limite
946 2378 1049 2439 saepes

233 2447 369 2527 llyblaeis
391 2447 494 2525 apibus
515 2448 619 2509 llorem
641 2448 759 2525 depasta
780 2443 873 2506 salicti

233 2550 321 2612 saepe
342 2532 397 2594 levi
419 2550 553 2593 somnum
575 2531 709 2592 suadebit
729 2529 802 2591 inire
823 2543 954 2589 susurro.
1077 2539 1111 2592 55

233 2617 302 2680 hino
324 2617 380 2680 alta
403 2617 457 2679 sub
479 2636 553 2695 rupe
576 2624 660 2678 canet
681 2614 832 2676 frondator
853 2611 890 2674 ad
912 2627 1013 2672 auras:

233 2721 288 2764 nec
309 2711 406 2764 tamen
427 2703 537 2763 interea
558 2719 664 2762 raucae
684 2706 734 2760 tua
756 2716 825 2760 cura
847 2695 999 2776 palumbes

234 2802 289 2845 neo
311 2803 430 2862 gemero
451 2786 529 2845 aeria
552 2783 678 2844 cessabit
699 2790 796 2844 turtur
818 2781 855 2842 ab
877 2779 966 2841 ulmo.

237 2867 269 2927 T.
288 2868 361 2927 Anto
382 2866 458 2927 leves
482 2883 551 2943 ergo
573 2873 729 2942 pascentur
750 2867 781 2926 in
802 2881 930 2944 aequore
952 2860 1037 2931 cervi,

234 2956 262 3010 et
284 2949 358 3010 ireta
380 2951 535 3010 destituent
556 2951 649 3010 nudos
671 2951 701 3008 in
722 2949 807 3010 litore
828 2950 923 3029 pisces
930 2966 938 3016 ;
1078 2953 1112 3008 60

235 3039 301 3093 ante
322 3035 479 3110 pererratis
501 3032 655 3093 amborum
676 3033 782 3093 finibus
805 3032 872 3094 exul

233 3125 283 3178 aut
304 3118 418 3178 Ararim
439 3117 565 3176 Parthus
586 3116 667 3176 bibet
681 3124 731 3177 aut
752 3116 907 3179 Germania
928 3113 1049 3193 Tigrim,

230 3216 320 3276 quam
342 3208 442 3261 nostro
464 3199 539 3261 illius
561 3198 675 3260 labatur
696 3208 815 3277 pectore
836 3199 939 3260 voltus.

237 3285 280 3346 M.
303 3287 338 3344 lt
360 3303 414 3345 nos
435 3285 503 3345 bino
525 3282 571 3344 alii
592 3285 713 3344 sitientis
733 3284 840 3345 ibimus
861 3284 956 3352 snos,

233 3384 302 3446 pars
318 3368 463 3447 Scythiam
479 3376 508 3429 et
522 3368 656 3445 rapidum
672 3376 770 3429 cretae
785 3368 933 3429 veniemus
948 3363 1047 3426 Oaxen
1079 3372 1113 3442 65

236 3458 264 3513 et
285 3453 401 3531 ponitus
422 3460 483 3513 toto
506 3452 611 3513 divisos
633 3450 705 3513 orbe
727 3453 892 3514 Britannos.
