2400 3878
429 213 570 261 vnnomr
590 213 713 261 nnuma
729 213 780 260 xn
1049 202 1111 263 345

109 384 157 428 ars
179 366 275 427 iuerat
294 381 464 444 pauperque
486 366 589 426 domus
609 383 664 427 nec
685 374 754 426 nota
774 373 925 443 potentum

109 465 231 510 munera
245 445 451 525 conductaque
472 456 555 526 pater
576 448 680 510 tellure
701 448 826 511 serebat.
1061 457 1113 511 ow

109 551 144 594 ao
162 529 240 592 velut
257 532 369 592 inmissi
388 532 507 592 diversis
525 531 657 610 partibus
677 534 758 610 ignes

109 622 240 677 arentem
261 615 291 674 in
311 614 412 675 silvam
433 623 462 675 et
482 614 604 692 virgulta
625 617 756 676 sonantia
775 615 868 687 lauro,

111 705 161 760 aut
181 697 231 758 nbi
249 698 375 758 decursu
395 698 497 776 rapido
518 699 555 758 de
575 699 721 760 montibus
742 699 805 760 altis

109 780 180 842 dant
195 781 320 840 sonitum
342 781 471 858 spumosi
494 798 594 842 amnes
616 783 693 843 etin
714 800 840 860 aequora
861 789 984 844 currunt

110 865 233 944 quisque
254 881 341 925 suum
361 862 516 941 populatus
535 864 606 924 iter:
628 882 688 925 non
710 867 827 943 segnius
848 865 934 927 ambo

108 948 221 1008 deneas
240 945 414 1024 Turnusque
435 954 524 1007 ruout
543 964 597 1024 per
616 948 742 1026 proelia;
765 966 844 1008 nuno
864 967 943 1011 nunc

109 1027 231 1090 fluctuat
249 1030 292 1090 ira
313 1029 400 1098 intus,
419 1039 596 1107 rumpuntur
619 1032 716 1092 nescia
739 1033 814 1093 vinci

109 1120 236 1190 pectora,
260 1128 339 1173 nunc
359 1113 429 1173 totis
448 1114 478 1172 in
499 1113 616 1175 volnera
638 1115 748 1176 viribus
766 1116 833 1176 itur.

108 1195 280 1256 llurrauum
302 1195 359 1265 hic,
378 1202 476 1256 atavos
496 1204 525 1258 et
546 1216 667 1259 avorum
688 1201 806 1277 antiqua
824 1210 975 1261 sonantem

109 1278 227 1338 nomina
244 1295 299 1358 per
319 1295 462 1357 regesque
481 1287 579 1356 actum
598 1299 691 1358 genus
712 1301 798 1343 omne
819 1283 944 1352 Latinos,

108 1362 298 1440 praecipitem
319 1361 438 1438 scopulo
460 1370 547 1441 atque
568 1366 693 1442 ingentis
716 1365 832 1426 turbine
857 1368 917 1425 sari

109 1444 217 1504 excutit
237 1444 415 1522 elfrmditque
436 1444 513 1504 solo·
531 1445 612 1506 hunc
629 1445 692 1507 lora
713 1449 827 1525 atinga
848 1447 949 1508 subter

108 1524 279 1604 provolvere
301 1536 393 1596 rotae,
416 1526 522 1587 crebro
545 1546 635 1606 super
652 1530 760 1607 ungada
780 1528 890 1607 pulsu

110 1611 196 1672 incita
217 1629 272 1672 neo
294 1611 403 1671 domini
423 1628 586 1672 memorum
608 1611 758 1689 proculcat
776 1630 927 1689 equorum.

108 1693 157 1755 ille
175 1695 271 1755 ruenti
291 1693 373 1773 Hyllo
396 1694 557 1771 animisque
576 1695 704 1756 immane
729 1695 864 1755 frementi

109 1778 238 1837 occurrit
256 1777 403 1856 telumque
426 1785 526 1837 aurata
548 1777 584 1837 ad
604 1785 736 1855 tempora
758 1785 890 1858 torquet:

110 1858 158 1920 olli
177 1878 232 1938 per
250 1859 362 1937 galeam
380 1860 437 1920 dxo
460 1861 539 1920 stetit
556 1860 637 1921 hasta
659 1861 792 1924 cerebro.

109 1942 227 2003 dextera
248 1960 302 2003 nec
321 1951 371 2004 tua
393 1950 430 2016 te,
452 1943 573 2005 Graium
593 1944 752 2008 fortissime
771 1945 905 2017 Cretheu,

109 2026 215 2104 eripuit
236 2024 345 2086 Turno.
382 2045 436 2088 nec
458 2030 487 2088 di
507 2035 608 2089 texero
629 2028 798 2107 Cupencum

108 2107 206 2169 Aenea
227 2110 357 2171 veniente
379 2112 439 2171 sui:
462 2110 541 2172 dedit
563 2112 645 2172 obvia
665 2112 744 2173 ierro

108 2198 238 2271 pectora,
260 2210 316 2253 uec
337 2194 444 2255 misero
468 2194 555 2273 clipei
574 2213 656 2256 mora
679 2197 789 2275 profuit
809 2200 894 2258 aerei.

109 2281 137 2334 te
159 2291 274 2353 quoque
296 2273 456 2337 Laurentes
478 2277 622 2347 viderunt,
642 2278 740 2351 leole,
763 2283 857 2358 campi

86 2417 89 2422 ,
109 2365 247 2436 oppetere
269 2365 298 2419 et
318 2357 375 2419 late
396 2367 507 2420 terram
526 2367 714 2421 consternere
736 2370 829 2438 tergo

109 2441 225 2509 occidis,
246 2440 369 2516 Argivae
388 2459 475 2516 quem
494 2458 554 2500 non
572 2451 695 2518 potuere
714 2442 872 2518 phalanges

109 2530 241 2583 sternere
262 2540 317 2582 nec
338 2521 447 2581 Priami
466 2539 625 2598 regnorum
648 2541 766 2584 eversor
786 2525 927 2594 Achilles3

108 2606 156 2666 hic
180 2605 231 2665 tibi
252 2606 354 2665 mortis
377 2610 460 2664 erant
483 2612 594 2664 metae:
617 2604 720 2665 domus
738 2606 794 2667 alta
814 2608 868 2668 suh
886 2608 944 2677 Ida,

108 2688 228 2767 Lyrnesi
247 2687 350 2747 domus
372 2685 436 2757 alta,
460 2685 522 2746 solo
544 2686 688 2748 Laurente
706 2689 902 2766 sepulchrum.

107 2778 185 2831 totae
205 2770 277 2831 adeo
298 2787 456 2830 conversae
478 2769 563 2840 acies,
586 2787 746 2848 omnesque
767 2772 870 2843 Latini,

108 2871 209 2915 omnes
230 2853 421 2923 Dardanidae,
440 2851 607 2914 Mnestheus
628 2870 755 2931 acerque
774 2855 909 2917 Serestus

108 2945 137 2998 et
158 2937 306 3017 Messapus
325 2955 409 2998 ecum
430 2937 557 2997 domitor
581 2946 610 2998 et
629 2937 713 2998 lortis
733 2937 825 2999 Asilas

108 3018 331 3101 Tuscorumque
351 3021 478 3099 phalanx
499 3018 689 3100 Euandrique
708 3022 836 3084 Arcades
855 3021 925 3089 alae,

107 3117 163 3177 pro
184 3122 217 3164 se
239 3106 362 3192 quisque
379 3106 433 3166 riri
454 3122 567 3165 summa
589 3107 721 3166 nituntur
742 3125 831 3186 opum
853 3106 895 3165 vi:

107 3198 163 3243 nec
184 3180 268 3245 mora'
288 3204 343 3247 nee
367 3189 491 3266 requies,
513 3197 594 3250 vasto
614 3189 771 3249 certamine
792 3184 923 3249 tendunt

150 3265 203 3326 Hic
225 3274 352 3329 mentem
368 3269 483 3332 Aeneae
504 3271 636 3349 genetrix
654 3271 851 3350 pulcherrima
871 3270 955 3340 misit,

107 3348 163 3410 iret
184 3356 216 3410 ut
234 3351 271 3410 ad
292 3368 392 3410 muros
413 3352 539 3432 urbique
560 3353 724 3415 adverteret
744 3369 848 3430 agmen

109 3432 189 3524 ocius
208 3440 237 3495 et
258 3432 352 3493 subita
374 3433 507 3494 turbaret
525 3435 607 3497 clade
626 3435 753 3497 Latinos.
