2400 3878
108 151 147 212 16

421 164 564 213 virttem
585 164 725 213 ECLOGA
747 165 798 212 VII

231 320 300 399 quid
322 319 467 380 iacerem?
489 337 584 398 neque
606 335 660 396 ego
675 317 814 396 Alcippen
841 337 896 380 nec
911 319 1043 399 Phyllida
1066 320 1124 382 ha-

871 402 987 473 bebam,

235 485 373 563 depulsos
395 504 411 547 a
433 485 507 546 lacte
529 485 607 545 domi
628 503 703 562 quae
725 485 873 547 clauderet
895 504 1002 564 agnos;
1086 499 1122 551 15

235 577 263 630 et
285 577 433 630 certamen
456 576 519 629 erat
541 567 673 647 Corydon
696 587 763 629 cum
782 570 924 648 Thyrside
944 586 1096 647 magnum.

238 653 395 730 posthabui
416 659 513 712 tamen
535 650 650 712 illorum
672 671 736 712 mea
759 655 834 714 seria
856 654 934 714 ludo.

235 737 354 798 alternis
375 737 463 815 igitur
485 736 662 796 contendere
682 736 816 797 versibus
837 737 923 797 ambo

236 837 376 898 coepere;
399 819 527 880 alternos
549 837 649 880 musae
670 822 836 880 meminisse
857 820 1001 881 volebant.

234 904 289 964 hos
311 903 459 983 Corydon,
482 902 547 963 illos
568 902 714 964 referebat
736 905 765 963 in
788 904 889 964 ordine
911 903 1040 982 Thyrsis.
1085 913 1122 967 20

274 988 305 1046 0.
328 986 493 1065 Nymphae,
514 993 615 1048 noster
636 1005 734 1056 amor,
754 987 952 1057 Libethrides,
975 993 1026 1048 aut
1046 986 1121 1047 mihi

872 1089 990 1131 carmen

237 1151 321 1231 quale
342 1171 409 1213 meo
432 1153 527 1213 Codro
551 1154 700 1215 concedite
723 1153 864 1234 (proxima
886 1153 998 1215 Phoebi

234 1236 369 1298 versibus
389 1236 437 1296 ille
459 1236 536 1316 lacit)
559 1243 623 1306 aut,
646 1239 670 1297 si
691 1255 750 1297 non
772 1256 928 1316 possumus
950 1253 1060 1306 omnes,

236 1320 284 1380 hic
307 1328 410 1398 arguta
431 1337 515 1380 sacra
537 1320 675 1397 pendebit
695 1321 791 1382 fistula
813 1324 893 1400 pinu.

132 1396 142 1422 '
237 1405 269 1464 Τ.
291 1403 443 1474 Pastores,
466 1403 575 1465 hedera
598 1413 777 1466 crescentem
800 1412 901 1466 ornate
922 1411 1049 1483 poetam,
1085 1413 1121 1468 Ἡ)

235 1488 380 1559 Arcades,
403 1488 507 1549 invidia
529 1498 701 1567 rumpantur
722 1488 823 1550 utilia
845 1489 955 1557 Codro;

237 1579 302 1642 aut,
325 1574 350 1632 si
371 1571 447 1633 rdtra
468 1572 606 1650 placitum
628 1573 766 1643 laudarit,
789 1573 913 1633 baccare
934 1573 1062 1632 frontem

238 1656 357 1730 cingite,
379 1674 417 1715 ne
438 1658 494 1715 vati
516 1664 619 1715 noceat
640 1657 714 1715 mala
735 1657 833 1730 lingua
855 1656 964 1714 futuro.

283 1738 312 1797 0.
336 1736 446 1796 Saetosi
470 1745 556 1814 caput
576 1738 633 1796 hoc
655 1740 718 1814 apri
739 1736 806 1806 tibi,
829 1736 925 1806 Delia,
948 1753 1057 1813 parvos

239 1826 268 1880 et
288 1837 404 1879 ramosa
426 1819 521 1880 Micon
542 1821 647 1879 vivacis
669 1837 778 1880 cornua
801 1821 887 1879 cervi.
1086 1832 1122 1886 3⁰

238 1903 262 1963 si
283 1904 434 1979 proprium
457 1903 514 1963 hoc
535 1904 635 1973 luerit,
658 1902 713 1964 levi
735 1903 771 1964 de
792 1920 939 1963 marmore
960 1908 1020 1963 tota

136 2044 144 2069 ,
237 1987 362 2065 puniceo
384 1986 473 2047 stabis
495 2005 579 2047 suras
601 1987 711 2047 evincta
735 1988 887 2049 cothurno.

239 2071 272 2130 Τ.
297 2070 398 2131 SInum
420 2071 503 2131 lactis
525 2078 554 2131 et
574 2070 647 2131 haec
668 2077 697 2132 te
718 2070 791 2142 liba,
813 2071 933 2148 Priape,
963 2071 1121 2149 quotannis

240 2159 393 2231 expectare
416 2161 459 2213 sat
481 2162 539 2215 est:
563 2161 661 2215 custos
683 2173 714 2215 es
735 2156 873 2233 pauperis
895 2155 981 2214 horti.

239 2253 318 2299 nunc
333 2245 362 2298 te
376 2255 573 2299 marmoreum
588 2256 643 2317 pro
657 2244 790 2316 tempore
805 2239 943 2307 iecimus;
967 2243 996 2297 at
1013 2242 1053 2307 tu,
1085 2247 1121 2301 35

241 2323 265 2382 si
286 2322 381 2382 fetura
403 2340 523 2400 gregem
545 2322 734 2400 suppleverit,
758 2341 864 2383 aureus
886 2328 957 2383 esto.

286 2407 317 2465 C.
340 2405 447 2466 Nerine
469 2405 601 2476 Galatea,
623 2405 721 2486 thymo
743 2406 814 2466 mihi
836 2404 948 2466 dulcior
969 2401 1086 2482 Hyblae,

243 2491 392 2551 candidior
415 2492 527 2569 cycnis,
550 2490 659 2550 hedera
681 2489 857 2551 iormonsior
880 2489 954 2559 alba,

242 2592 307 2636 cum
329 2575 455 2653 primum
477 2575 551 2652 pasti
572 2579 706 2652 repetent
725 2575 898 2653 praesaepia
920 2567 1002 2640 tauri,

241 2660 324 2736 siqua
345 2659 387 2719 tui
409 2657 567 2735 Corydonis
588 2657 676 2718 habet
697 2665 726 2718 te
748 2677 835 2728 cura,
856 2656 960 2717 venito.
1086 2662 1121 2717 to

138 2732 146 2755 '
248 2743 279 2801 Τ.
307 2742 400 2800 Immo
422 2758 476 2817 ego
499 2741 647 2801 Sardoniis
668 2742 767 2802 videar
788 2740 840 2800 tibi
861 2738 987 2799 amarior
1008 2734 1120 2805 herbis,

129 3390 153 3469 d

241 2824 389 2884 horridior
411 2841 513 2894 rusco,
536 2826 664 2901 proiecta
685 2824 767 2884 vilior
789 2822 861 2899 alga,

243 2909 268 2967 si
288 2907 359 2966 mihi
380 2924 440 2966 non
461 2907 534 2968 haec
555 2908 604 2969 lux
626 2914 686 2969 toto
708 2908 765 2967 iam
785 2903 899 2979 longior
921 2906 1033 2960 annost.

243 2991 282 3051 ite
303 2991 422 3051 domum
443 2993 532 3068 pasti,
556 2993 645 3070 siquis
665 2991 776 3068 pudor,
798 2988 836 3047 ite
857 2985 979 3046 iuvenci.

289 3075 320 3134 0.
343 3075 469 3135 Muscosi
491 3075 584 3135 fontes
606 3082 635 3135 et
655 3090 757 3133 somno
778 3068 893 3130 mollior
914 3066 1016 3137 herba,

245 3164 273 3218 et
295 3176 370 3236 quae
391 3177 443 3218 vos
463 3177 531 3219 rara
552 3159 650 3219 viridis
672 3157 742 3233 tegit
763 3153 884 3214 arbutus
904 3151 1019 3220 umbra,

245 3240 398 3304 solstitium
419 3244 520 3320 pecori
542 3239 701 3302 defendite:
724 3240 781 3299 iam
802 3238 880 3297 venit
900 3241 996 3296 aestas

245 3326 370 3397 torrida,
392 3328 449 3387 iam
470 3326 548 3386 lento
568 3329 686 3400 turgent
706 3323 736 3381 in
757 3321 874 3399 palmite
896 3335 1028 3398 gemmae

252 3410 282 3468 Τ.
304 3410 358 3470 Hic
379 3409 462 3472 iocus
484 3415 512 3469 et
532 3407 634 3468 taedae
653 3407 791 3483 pingues,
813 3405 862 3466 hic
882 3403 1026 3483 plurimus
1054 3413 1132 3488 ignis
