2400 3878
454 207 666 256 cnrlnnc‘rs.

58 365 164 427 videbo
186 364 344 426 habentem
366 368 485 442 praeter
506 363 626 439 ignavos
648 359 721 421 nihil

103 450 208 509 iratres
230 457 260 507 et
280 448 388 506 iratum
410 445 508 506 lovem

59 535 241 610 scissumque
263 538 396 590 ventrem
420 537 450 589 et
470 530 602 590 herniosi
624 528 721 608 patrui

101 616 193 695 pedes
214 613 311 674 inedia
333 612 475 690 turgidos.

544 762 589 823 Vl.

61 867 92 927 Si
113 864 185 924 mihi
206 871 374 943 susceptum
396 864 484 925 luerit
506 865 664 924 decurrere
685 879 801 931 munus,

103 968 120 1009 ο
142 945 280 1025 Paphon,
304 967 321 1008 ο
343 947 428 1008 sedes
449 966 523 1028 quae
546 947 618 1008 colis
639 946 753 1016 idalias,

61 1033 167 1093 Troius
189 1032 303 1091 Aeneas
324 1031 456 1093 Romana
478 1050 531 1112 per
553 1031 659 1110 oppida
682 1031 770 1109 digno

102 1118 160 1176 iam
182 1115 301 1174 tandem
323 1123 355 1175 ut
377 1123 474 1177 tecum
497 1117 628 1176 carmine
648 1123 747 1175 vectus
770 1120 829 1174 eat:

61 1218 120 1260 non
144 1216 198 1276 ege
221 1206 287 1258 ture
309 1199 397 1259 modo
420 1208 470 1260 aut
490 1202 568 1279 picta
590 1207 639 1260 tua
663 1197 771 1278 templa
792 1195 898 1258 tabella
1054 1204 1070 1250 5

102 1281 214 1342 ornabo
238 1290 267 1341 et
287 1283 370 1360 puris
390 1292 469 1343 serta
491 1285 582 1344 leram
605 1282 754 1350 manibus;

61 1367 198 1442 corniger
223 1399 258 1408 -
283 1365 362 1425 haud
376 1368 452 1426 aries
474 1366 607 1436 humilis,
630 1369 681 1426 sed
696 1366 822 1426 maxima
844 1372 945 1424 taurus

102 1450 220 1509 victima
242 1457 372 1508 sacratos
394 1459 514 1527 sparget
535 1451 648 1510 honore
671 1449 761 1517 iocos,

60 1549 302 1610 marmoreusque
323 1531 390 1604 tibi,
414 1534 482 1602 dea,
505 1531 584 1593 mille
608 1530 755 1592 coloribus
777 1530 836 1591 ales

102 1618 134 1675 in
155 1633 268 1676 murem
291 1617 368 1693 picta
390 1616 478 1677 stabit
498 1617 588 1677 Amor
610 1615 756 1695 pharetra.

62 1699 153 1771 adsis,
176 1717 193 1757 ο
217 1699 374 1776 Cytherea:
397 1708 465 1761 tuus
486 1707 516 1760 te
538 1701 646 1762 Caesar
668 1696 791 1776 Olympo

104 1790 134 1843 et
155 1782 324 1842 Surrentini
345 1782 439 1844 litoris
461 1802 513 1844 ora
535 1792 627 1844 vocat.

104 2034 145 2094 lte
168 2035 253 2104 hinc,
276 2037 393 2106 inaneS,
417 2037 473 2108 ite,
496 2036 647 2096 rhetorum
671 2035 824 2116 ampullae,

62 2117 161 2178 inflata
183 2136 251 2179 mre
274 2137 334 2180 non
355 2122 483 2181 Achaico
505 2119 609 2189 verbm

63 2210 92 2261 et
112 2220 179 2271 voa,
205 2202 336 2283 Stiloque
358 2204 550 2284 Tarquitique
574 2204 733 2283 varroque,

62 2285 303 2346 scholasticorum
326 2288 405 2346 natio
427 2288 549 2348 madens
571 2288 682 2364 pingui,

62 2370 102 2427 ite
124 2368 208 2437 hinc,
232 2370 319 2427 inane
342 2368 497 2446 cymhalon
518 2369 685 2428 iuventutis.

63 2459 166 2528 tuque,
191 2469 208 2509 ο
231 2468 363 2510 mearum
385 2469 470 2520 cura,
495 2451 598 2520 Sexte,
622 2467 770 2517 curarum,

61 2531 139 2601 vale,
163 2532 286 2601 Sabine;
309 2535 368 2593 iam
390 2534 497 2603 valete,
521 2533 652 2592 formosi.

62 2633 116 2675 nos
138 2615 174 2674 ad
196 2615 299 2676 beatos
320 2616 382 2676 vela
405 2617 546 2675 mittimus
567 2624 679 2692 portus,

63 2700 162 2775 magni
184 2705 317 2778 petentes
341 2699 426 2759 docta
448 2699 525 2759 dicta
553 2699 678 2767 Sironis

64 2783 208 2862 vitamque
231 2781 267 2842 ab
290 2785 370 2843 omni
392 2781 604 2842 vindicabimus
626 2799 707 2842 cura.

62 2866 102 2924 ite
124 2865 210 2937 hinc,
235 2884 388 2937 camenae,
412 2885 463 2926 vos
485 2883 600 2945 quoque
622 2866 663 2925 ite
685 2867 758 2936 iam,
782 2883 852 2926 sane

63 2947 163 3011 dulces
186 2969 324 3013 camenae
348 2951 425 3030 (nam
447 2949 606 3011 fatebimur
626 2969 739 3021 verum„

63 3031 163 3095 dulces
185 3036 302 3117 luistisl:
327 3043 475 3108 ettamen
498 3053 578 3095 meas
601 3035 716 3096 chartas

64 3119 227 3188 revisitote,
250 3120 303 3179 sed
324 3121 469 3200 pudenter
493 3127 522 3180 et
543 3137 620 3180 raro.

536 3271 597 3330 Vlll

106 3367 231 3428 Sabinus
252 3368 316 3438 ille,
340 3389 428 3449 quem
451 3371 568 3440 videtis,
592 3370 731 3448 hospites,

63 3454 103 3512 ait
125 3453 196 3513 fuiss
235 3452 326 3513 mulio
349 3453 530 3535 celerrimus,
