2454 3936
130 213 189 276 108
467 225 611 273 varana
631 225 756 273 neuma
778 226 805 272 11

129 397 199 456 ergo
222 378 316 438 omnis
336 377 424 457 longo
445 377 531 438 solvit
553 396 585 439 se
607 377 732 439 Teucria
753 377 844 439 luctu.

127 461 294 550 pamiuptur
316 470 433 539 portae3
451 463 531 547 iqqat
553 463 596 522 ire
617 470 646 521 et
663 462 768 521 Dorica
791 469 887 522 castra

128 545 318 622 desertosque
340 545 438 606 ridere
458 544 539 606 locos
560 514 686 622 litusque
708 543 851 605 relictum.

127 628 175 690 hic
195 627 338 706 Dolopum
361 647 478 699 manus,
495 628 543 689 hic
564 645 666 688 saevos
688 627 826 718 temptat
847 627 988 698 Achilles,

128 711 270 773 classibus
291 712 339 772 hic
359 711 458 782 locus,
480 711 528 772 hio
549 713 611 772 acie
632 718 745 786 emate
765 710 827 772 sole
849 718 907 772 ant.
1108 723 1145 778 ao

128 813 196 874 pars
217 781 476 891 stupet'inffltae
499 795 578 855 donu
631 775 745 855 exitiale
764 710 911 855 Minkrvae

128 885 157 940 et
179 877 286 975 ιιι-019]
309 880 453 939 mirantur
478 880 559 956 equi;
582 896 601 957 p
629 873 755 956 musque
774 878 950 957 Thymoetes

128 962 195 1023 duci
217 970 292 1021 intra
315 979 416 1020 muros
437 962 572 1022 hortatur
594 969 623 1022 et
643 979 712 1022 arce
732 961 839 1031 locari,

128 1035 278 1105 ffidolo
300 1062 352 1104 seu
374 1046 432 1104 iam
450 1044 556 1105 Troiae
578 1045 621 1105 sic
643 1046 700 1105 fata
721 1044 864 1105 ferebant.

127 1135 156 1189 at
178 1127 271 1206 Capys
293 1137 320 1187 et
340 1145 466 1203 quorum
488 1127 592 1189 melior
613 1129 756 1189 sententia
773 1129 863 1188 menti
1109 1140 1144 1195 35

128 1219 176 1272 aut
197 1209 300 1287 pelago
322 1210 454 1269 lranaum
476 1213 594 1271 insidias
616 1219 810 1289 suspectaque
831 1211 906 1270 dona

128 1295 320 1373 praecipitare
340 1292 443 1352 iubent
464 1292 661 1372 subiectisque
681 1311 751 1354 uror
792 1294 934 1363 naumis,

127 1386 177 1439 aut
199 1376 355 1441 terebrare,
373 1394 457 1437 cavas
480 1379 555 1437 uteri
579 1385 607 1438 et
632 1385 660 1438 te
692 1313 775 1455 §sarge
792 1376 929 1438 latebras.

128 1444 549 1523 scindffiertuffi'studia
571 1462 600 1520 in
623 1479 678 1521 con
744 1462 769 1521 'a
788 1461 900 1538 volgus.

170 1544 287 1605 Primus
308 1545 352 1622 ihi
369 1552 436 1604 ante
458 1545 566 1613 omnis,
589 1563 694 1623 magna
717 1546 873 1606 comitante
891 1551 1023 1612 caterva,
1109 1554 1145 1610 40

128 1628 265 1688 Laocoon
285 1629 392 1689 ardens
415 1645 529 1688 summa
551 1628 681 1690 decurrit
702 1628 738 1688 ab
752 1618 851 1690 nee
925 1631 1013 1652 ”““”’“

127 1717 156 1770 et
177 1711 282 1787 procul
303 1720 336 1769 ‘o
358 1713 472 1781 miseri,
495 1729 571 1790 quae
587 1717 669 1771 'tanta
692 1711 818 1779 insania,
843 1711 936 1771 cives?

129 1793 246 1854 creditis
268 1802 384 1881 aqectos
407 1794 498 1854 hostis
520 1802 570 1854 aut
592 1793 649 1853 ulla
670 1794 778 1870 putatis

128 1877 204 1936 dona
224 1875 348 1937 carere‘
346 1876 419 1937 dolis
440 1877 591 1938 Danaumi
612 1877 654 1936 sio
674 1883 761 1935 notus
782 1873 899 1935 Ulixes?

129 1959 214 2036 *[aut
235 1944 421 2020 irofflnclusi
445 1958 524 2037 ligno
548 1958 732 2021 occultantur
754 1956 870 2038 Achivi]
1102 1973 1138 2027 45

127 2051 178 2103 aut
199 2043 273 2104 haec
295 2044 325 2102 in
349 2054 466 2103 nostros
488 2041 630 2104 fabricata
653 2050 697 2103 est
718 2041 855 2103 machina
877 2059 979 2103 muros

126 2126 295 2205 inspectura
318 2126 421 2188 domos
444 2136 626 2205 venturaque
648 2126 776 2206 desuper
798 2126 876 2196 urbi,

127 2229 177 2273 auo
199 2210 304 2291 aliquis
324 2211 519 2289 [ateterrom
544 2231 620 2292 equo
642 2231 679 2274 ne
701 2213 825 2282 credite.
849 2212 966 2273 Teucri.

127 2296 268 2374 quidquid
290 2296 319 2356 id
333 2284 399 2365 est,
423 2297 511 2357 timeo
534 2297 648 2358 Danaos
671 2306 699 2358 et
720 2296 797 2356 dona
814 2293 959 2356 serentis!

126 2378 262 2440 arctatus
284 2379 384 2454 validis
406 2381 556 2458 ingentem
577 2381 687 2442 viribus
709 2380 822 2439 hastam
1108 2387 1146 2442 ⁵0

126 2462 251 2524 inlatus
273 2465 362 2543 inque
382 2465 437 2542 teri
460 2483 578 2525 curvam
602 2452 907 2545 compagiBuTalrout

127 2550 278 2639 coptorsit.
323 2543 476 2611 stetrtilla
495 2555 641 2620 tremene,
665 2556 809 2625 uteroque
830 2562 950 2607 recusso

126 2631 284 2692 insonuere
306 2651 394 2695 cavae
417 2635 616 2714 gemitumque
632 2633 742 2694 dedere
762 2647 913 2693 cavernae.

127 2721 156 2774 et
177 2716 201 2773 si
222 2717 280 2775 tata
302 2716 406 2785 deum,
429 2719 453 2777 si
474 2736 557 2778 mens
579 2734 638 2776 non
660 2716 740 2799 lappa
763 2713 880 2783 fuisset,

125 2795 282 2871 impulerat
300 2797 380 2857 ferro
401 2798 551 2875 Argolicas
573 2799 587 2857 s
605 2798 692 2859 edare
713 2796 849 2866 latebras,
1109 2807 1145 2860 55

127 2878 274 2956 Troiaque
293 2896 373 2940 nunc
390 2889 494 2948 staret,
518 2817 686 2958 Priamique
704 2897 738 2938 ar
856 2894 1000 2937 maneres.

167 2961 244 3021 Ecce
266 2979 371 3023 manus
390 2963 658 3049 iuveneminterea
680 2969 746 3040 post
767 2968 851 3038 terga
872 2960 1036 3022 revinctum

125 3050 258 3122 pastores
280 3062 386 3123 magno
409 3044 445 3104 ad
467 3061 569 3122 regem
593 3043 722 3106 clamore
744 3043 902 3105 trahebant

127 3128 325 3198 Dardanidae,
349 3129 452 3208 quise
474 3129 606 3205 ignotum
630 3128 814 3190 venientibus
835 3129 929 3207 qltrn,

126 3212 183 3271 hoc
204 3213 304 3289 ipsum,
321 3221 354 3288 ut
375 3220 502 3273 strueret
522 3213 700 3292 Troiamque
760 3205 992 3282 eruetn‘ehivis,
1045 3256 1046 3262 κ
1108 3223 1145 3280 to

126 3293 287 3374 optulerat,
308 3294 401 3359 fidens
424 3298 512 3358 animi
532 3305 619 3376 atque
642 3287 712 3359 in‘u
725 3315 851 3376 rumque
871 3302 1014 3375 paratus>
1063 3338 1066 3346 «

125 3384 319 3441 ςειῑὛεῑεετο
339 3381 422 3442 dulos
446 3400 499 3442 seu
522 3363 817 3443 certad‘occumbere
839 3380 935 3442 morti.

126 3463 255 3543 undique
280 3465 402 3552 visendi
410 3465 505 3526 studio
523 3456 666 3528 Troiana*
672 3468 805 3528 iuventus
