2400 3878
404 210 548 260 umnelin
561 209 687 258 annuis
703 209 728 257 Χ

20 402 26 431 s
54 385 190 438 somnus,
211 367 242 426 in
264 373 414 428 aeternam
435 364 608 426 clauduntur
630 363 740 426 lumina
762 373 888 427 noctem

27 512 30 519 ,
98 451 243 516 Caedicus
262 448 434 512 Alcathoum
455 448 620 520 obtruncat,
641 448 779 510 Sacrator
798 448 954 529 Hydaspen

26 560 29 565 ’
56 534 308 615 Partheniumque
329 533 411 612 Rapo
435 540 464 594 et
484 533 665 611 praedurum
683 532 793 595 viribus
812 532 916 604 Orsen,

10 670 21 685 ..
56 621 209 698 llessspus
230 617 428 698 Croniumque
448 617 689 698 Luoaoniumque
710 617 895 687 Erichaeten,

10 686 22 797 ξ
57 703 141 766 illum
160 702 284 764 infrenis
307 703 376 781 equi
395 700 479 780 lapsu
501 699 607 763 tellure
627 704 781 773 iacentem,

10 802 18 849 i.
57 788 138 850 hunc
159 785 298 866 peditem.
331 784 423 863 pedes
444 793 473 846 et
493 785 599 865 Lycius
617 793 804 864 processerat
824 786 901 863 Agis,

10 866 33 951 :³-
57 889 148 951 quem
167 877 267 931 umen
287 869 360 930 haut
381 886 487 949 expers
504 866 626 930 Valerus
646 870 761 931 virtutis
783 871 875 930 aritae

10 968 12 973 ’
58 956 160 1024 deicit3
182 960 212 1015 at
229 953 393 1015 Thronium
415 952 510 1015 Salius
531 951 700 1033 Saliumque
720 953 841 1014 Nealces

58 1039 182 1108 insidiis,
202 1036 299 1098 iacrrlo
321 1045 351 1100 et
370 1037 458 1116 longe
477 1035 595 1098 lallente
617 1039 729 1116 sagitta.

99 1121 162 1184 lam
181 1122 277 1200 gravis
295 1121 440 1199 aequabat
456 1121 553 1182 luctus
574 1129 603 1182 et
620 1129 720 1183 mutua
743 1120 858 1182 Mavors
983 1125 987 1133 '

59 1207 179 1268 lunera:
201 1205 363 1267 caedebant
381 1206 493 1286 pariter
514 1206 686 1285 pariterque
706 1205 832 1268 ruebant

59 1290 187 1351 victores
209 1290 343 1370 victique,
368 1307 467 1371 neque
487 1289 534 1351 his
554 1289 624 1369 iuga
645 1298 714 1352 nota
735 1302 832 1370 neque
850 1287 915 1349 illis.

60 1373 92 1434 di
112 1372 189 1434 lovis
209 1373 239 1434 in
259 1375 343 1436 tectis
364 1376 440 1436 iram
459 1376 637 1435 miserantur
657 1375 775 1436 inanem

60 1455 216 1519 amborum
234 1466 264 1519 et
285 1466 381 1519 tantos
402 1457 576 1520 mortalibus
597 1476 662 1520 esse
683 1456 816 1519 labores:

59 1538 130 1602 hinc
152 1541 258 1614 Venus,
280 1542 349 1603 hino
366 1549 469 1604 contra
485 1548 598 1621 spectat
617 1541 754 1603 Saturnia
777 1540 859 1609 luno,

57 1623 165 1706 pallida
181 1624 340 1704 Tisiphone
360 1628 456 1688 media
476 1627 553 1688 inter
574 1624 652 1687 milia
670 1626 769 1686 saevit.

59 1716 89 1771 at
108 1727 180 1771 vero
198 1710 347 1788 ingentem
368 1712 504 1792 quatiens
525 1711 686 1774 Mezentius
708 1710 821 1770 hastam

57 1793 195 1856 turbidus
215 1794 381 1871 ingreditur
401 1813 515 1874 campo.
553 1812 641 1874 quam
660 1810 785 1871 magnus
806 1793 906 1860 Orion,

59 1895 128 1939 cum
145 1878 236 1956 pedes
256 1878 367 1940 incedit
389 1879 479 1941 medii
499 1897 554 1959 per
573 1880 699 1941 maxima
720 1877 809 1939 Nerei

57 1968 161 2041 stagna
177 1962 253 2023 viam
274 1962 420 2036 scindens,
440 1982 545 2025 umero
566 1963 765 2043 supereminet
786 1962 880 2024 undas

60 2053 110 2108 aut
130 2047 251 2107 summis
270 2047 403 2109 reterens
424 2065 566 2109 annosam
587 2047 736 2109 montibus
759 2064 865 2107 ornum

58 2129 282 2209 ingrediturque
302 2130 365 2192 solo
387 2138 416 2194 et
435 2141 524 2211 caput
543 2134 621 2194 inter
642 2130 743 2193 nubila
765 2130 880 2191 condit:

58 2211 125 2274 talis
147 2232 179 2275 se
196 2217 283 2276 vastis
304 2215 394 2276 insert
414 2216 575 2278 blezentlus
597 2217 695 2277 armis.

57 2297 129 2358 huic
147 2305 250 2360 contra
268 2300 391 2370 deneas,
413 2300 580 2380 speculatus
599 2302 631 2361 in
653 2301 769 2379 agmine
791 2298 888 2376 longo,

59 2380 162 2443 obvius
184 2383 230 2444 ire
250 2389 344 2461 parat.
378 2392 478 2445 manet
498 2385 705 2462 inperterritus
727 2381 785 2452 ille,

59 2464 177 2526 hostem
199 2467 418 2543 magnanimum
428 2463 602 2546 opperiens,
623 2474 652 2528 et
673 2465 750 2526 mole
772 2483 825 2526 sua
848 2471 919 2535 stat;

59 2555 149 2627 atque
171 2549 263 2611 oculis
283 2552 409 2629 spatium
429 2569 575 2622 emensus,
597 2557 738 2629 quantum
759 2550 829 2609 satis
850 2546 959 2616 hastae,

60 2632 183 2693 ‘dextra
205 2633 277 2703 mibi
298 2634 372 2696 deus
394 2643 423 2696 et
445 2635 546 2706 telum,
569 2635 647 2714 quod
668 2631 778 2693 missile
799 2631 886 2703 libro,

59 2732 141 2777 nunc
160 2715 269 2777 adsintl
290 2736 380 2780 roreo
398 2718 557 2800 praedonis
577 2735 702 2797 corpore
720 2717 813 2794 raptis

60 2797 197 2862 indutum
218 2799 319 2880 spolils
337 2803 433 2882 ipsum
455 2810 494 2874 te,
516 2802 620 2872 Lause,
638 2809 793 2879 tropaeum

61 2880 197 2946 leneas!
228 2884 300 2946 dixit
320 2887 551 2967 stridentemque
570 2887 683 2952 eminus
703 2883 816 2946 hastam

61 2966 159 3037 ieclt;'
172 2974 202 3029 at
222 2967 270 3030 illa
294 2969 395 3032 volans
418 2969 540 3050 clipeost
562 2986 684 3032 excussa
705 2967 869 3050 proculque

62 3052 213 3130 egregium
234 3053 366 3117 Antoren
387 3052 462 3115 latus
484 3056 562 3116 inter
585 3062 614 3116 et
634 3053 683 3117 ilia
703 3054 774 3133 igit,

61 3133 196 3196 Herculis
217 3138 348 3200 Antoren
367 3138 513 3208 comitem,
536 3139 586 3216 qui
607 3139 713 3200 missus
735 3135 772 3198 ab
794 3136 878 3212 hrgis

60 3217 197 3281 haeserat
216 3219 356 3282 Euandro
378 3229 466 3298 atque
483 3219 554 3282 Itala
575 3220 749 3282 consederat
769 3217 853 3279 urbe.

60 3305 203 3364 sternitur
222 3303 323 3366 lnlelix
344 3302 580 3372 alienovolnere
602 3303 774 3383 caelumque

60 3388 164 3465 aspicit
185 3397 214 3449 et
234 3387 327 3449 dulcis
349 3389 478 3459 moriens
499 3388 696 3448 reminiscitur
717 3386 821 3461 argos.

60 3477 124 3530 tum
145 3469 211 3549 pius
230 3471 343 3533 deneas
364 3472 478 3532 hastam
498 3471 580 3531 iacit:
603 3469 651 3532 illa
669 3486 723 3548 per
743 3466 847 3527 orbem
