2400 3878
401 187 544 236 venenu
563 187 688 236 ununrs
704 188 727 235 v
1011 173 1071 235 179

59 342 229 419 obstipuere
251 342 353 403 animi:
376 349 522 403 tantorum
544 342 672 419 ingentia
694 348 805 418 septem

59 438 140 504 terga
162 426 250 486 houm
272 425 392 503 plumbo
414 427 510 486 insuto
531 425 669 503 terreque
690 424 833 502 rigebant.
1020 434 1071 488 tes

59 510 125 570 aule
149 512 242 568 omnis
263 516 360 585 stupet
381 510 444 586 ipse
465 509 555 569 Dares
577 508 722 587 longeque
744 516 874 575 recusat;

59 593 319 671 magnanimusque
343 591 531 654 Anchisiades
556 600 584 653 et
605 593 719 669 pondus
742 598 770 652 et
791 592 853 669 ipsa

59 676 117 736 huc
139 675 207 735 illuc
228 675 390 735 vinclorum
408 676 539 735 inmensa
562 674 706 736 volumina
729 683 833 736 versat,

61 769 120 818 turn
144 760 242 818 senior
263 758 326 818 talis
347 758 493 820 referebat
509 767 629 837 pectore
651 777 754 819 voces:

60 842 159 918 ‘quid,
186 843 275 920 siquis
298 848 411 902 caestus
431 844 522 920 ipsius
546 851 573 903 et
594 842 727 903 Herculis
749 858 829 901 arma
1021 849 1071 900 410

59 927 174 985 vidisset
197 926 369 1004 tristemque
389 926 447 986 hec
468 927 532 1004 ipso
554 928 583 986 in
605 924 690 985 litore
711 925 859 1004 pugnam?

60 1009 132 1068 haec
154 1026 310 1084 germanus
333 1009 410 1088 Eryx
432 1009 579 1087 quondam
597 1016 665 1069 tuus
689 1027 769 1069 arma
792 1006 911 1085 gerebat

62 1094 210 1170 (sanguine
231 1094 325 1152 cernis
348 1093 443 1153 adhuc
465 1110 626 1170 sparsoque
647 1093 753 1173 iniecta
777 1089 925 1168 cerebro),

60 1174 105 1234 his
127 1192 266 1251 magnum
287 1175 407 1236 Alciden
429 1184 530 1237 contra
555 1177 647 1246 stetit,
669 1176 714 1237 his
737 1192 791 1252 ego
810 1181 924 1242 suetus,

61 1258 129 1317 dum
151 1257 253 1318 mehor
276 1260 344 1318 viris
363 1260 479 1338 sanguis
501 1259 588 1320 dabat
607 1258 721 1337 aemula
743 1258 869 1319 necdum
1021 1265 1072 1318 410

60 1341 241 1417 temporibus
263 1343 386 1417 geminis
408 1344 532 1404 canebat
546 1334 654 1421 'sparsa
676 1335 819 1404 senectus.

60 1423 109 1484 sed
125 1426 149 1483 sl
172 1431 271 1483 uestra
295 1424 384 1484 Dares
408 1425 481 1485 haec
501 1426 608 1486 Troius
630 1444 710 1486 arma
732 1433 848 1485 recusat

61 1508 148 1584 ‚dque
170 1507 218 1584 pio
239 1508 321 1583 sedet
342 1507 470 1576 Aeneae,
493 1508 600 1584 probat
621 1515 723 1568 auctor
745 1508 875 1572 Acestes,

61 1607 220 1668 aequemus
241 1608 364 1668 pugnas.
408 1590 509 1669 Erycis
530 1591 581 1650 tibi
604 1599 685 1667 terga
707 1589 822 1649 remitto

62 1673 150 1750 (solve
173 1674 294 1751 metus),
315 1681 344 1733 et
364 1680 396 1732 tu
417 1673 560 1733 Troianos
584 1678 656 1734 e'xue
679 1669 816 1734 caestus'
1021 1677 1073 1730 420

60 1757 133 1817 haec
159 1756 233 1816 iatus
252 1756 398 1834 duplicem
421 1775 456 1817 ex
478 1758 587 1817 umeris
608 1758 709 1817 reiecit
729 1756 866 1816 amictum

62 1849 90 1899 et
111 1857 233 1918 magnos
254 1838 455 1901 membrorum
478 1848 572 1910 artus,
595 1859 700 1918 magna
722 1857 786 1899 ossa
808 1837 992 1914 lacertosque

62 1924 140 1984 eruit
158 1929 244 2001 atque
266 1924 369 2001 ingens
389 1923 483 1984 media
506 1926 637 1985 consistit
657 1924 776 1984 harena.

61 2014 122 2066 tum
146 2013 225 2067 satus
246 2008 371 2067 Anchisa
393 2016 507 2068 caestus
529 2015 612 2084 pater
632 2005 733 2068 extulit
751 2021 874 2084 aeques,

63 2099 90 2150 et
110 2090 230 2167 paribus
253 2090 364 2168 palmas
387 2092 541 2151 amborum
561 2093 692 2152 innexuit
713 2092 811 2151 armis.
1023 2093 1073 2146 425

62 2175 188 2233 constitit
211 2176 240 2232 in
265 2174 368 2251 digitos
390 2174 535 2251 extemplo
555 2183 685 2237 arrectus
704 2181 827 2251 uterque

61 2256 258 2334 bracchiaque
279 2257 315 2317 ad
338 2275 459 2333 superas
479 2259 628 2319 interritus
650 2257 751 2319 extulit
771 2274 866 2316 auras.

62 2338 212 2399 abduxere
235 2349 313 2400 retro
331 2340 418 2418 longe
441 2343 535 2418 capita
558 2343 648 2402 ardua
671 2341 706 2401 ab
729 2342 787 2400 ictu

62 2424 274 2500 inmiscentque
296 2441 399 2482 manus
420 2425 570 2493 manibus,
592 2441 778 2501 pugnamque
799 2422 958 2488 lacessunt,

61 2503 109 2564 ille
129 2505 237 2581 pedum
259 2503 362 2564 melior
383 2512 464 2565 motu
490 2507 640 2582 fretusque
661 2509 790 2573 iuventa,
1024 2511 1075 2562 400

63 2590 110 2646 hic
131 2587 270 2646 membris
293 2595 322 2646 et
343 2586 420 2648 mole
441 2587 555 2656 valens;
580 2589 629 2647 sed
653 2588 735 2647 tarda
756 2587 892 2647 trementi

63 2687 157 2749 genua
180 2668 292 2738 labant,
313 2677 408 2729 vastos
430 2671 521 2748 quatit
542 2687 630 2747 aeger
652 2670 795 2730 anhelitus
817 2678 905 2730 artus.

64 2753 153 2814 multa
171 2754 225 2812 viri
246 2755 423 2831 nequiquam
445 2755 573 2814 intense
594 2753 712 2829 volnera
732 2755 854 2822 iactant,

64 2837 152 2897 multa
172 2855 241 2897 cavo
258 2837 341 2896 lateri
360 2838 538 2915 ingeminant
557 2846 586 2898 et
605 2846 724 2915 pectore
745 2845 840 2897 vastos

63 2923 132 2981 dant
154 2922 280 2990 sonitus,
303 2930 439 2999 erratque
463 2923 541 2982 auris
564 2930 592 2982 et
611 2930 745 2999 tempora
761 2924 873 2981 circum
1026 2925 1076 2980 aaa

63 3004 166 3064 crebra
190 3021 307 3075 manus,
328 3005 401 3065 duro
424 3007 566 3083 crepitant
587 3005 641 3066 sub
663 3004 782 3065 volnere
803 3003 905 3064 malae.

63 3096 120 3147 stat
142 3090 237 3162 gravis
258 3087 387 3149 Entellus
408 3090 531 3167 nisuque
551 3092 679 3149 inmotus
702 3090 818 3158 eodem,

64 3184 188 3247 corpere
211 3171 265 3230 tela
286 3173 374 3231 modo
398 3179 484 3249 atque
506 3172 598 3232 oculis
619 3170 803 3248 vigilantibus
825 3171 891 3231 exit

64 3252 128 3322 ille,
151 3253 227 3313 velut
249 3253 357 3314 celsam
377 3263 525 3336 oppugnat
547 3257 596 3333 qui
618 3254 744 3314 molibus
764 3252 869 3314 urbem

64 3345 115 3398 aut
136 3345 272 3397 montana
294 3337 376 3398 sedet
397 3339 507 3400 circum
528 3338 643 3398 castella
665 3337 718 3396 sub
740 3338 842 3405 armis,
1027 3343 1076 3394 440

49 3438 143 3506 0000
165 3420 234 3489 hos,
257 3438 336 3480 nunc
357 3417 421 3480 illos
442 3423 550 3491 aditus,
572 3437 748 3498 omnemque
768 3427 902 3498 pererrat

815 3519 875 3578 12·
