2400 3878
409 202 553 251 vuomm
574 201 713 251 ucnocn
734 203 783 250 vn
1054 191 1098 251 lh

217 358 341 423 ilorihus
363 365 449 436 atque
471 359 537 434 apio
560 357 649 417 crinis
671 363 791 416 ornatus
812 374 911 416 amaro

216 443 335 505 dixerit:
361 442 425 501 ‘hos
447 441 499 501 tihi
521 441 591 501 dant
613 439 754 509 calamos,
778 456 814 499 en
829 441 942 517 accipe,
967 459 1076 511 musae,

216 527 344 588 Ascraeo
367 543 441 604 quos
462 530 530 585 ante
552 525 628 593 seni,
651 522 757 602 quihus
778 521 826 582 ille
847 521 960 583 solehat
1065 534 1100 590 to

217 608 360 671 cantando
381 608 490 685 rigidas
512 607 657 668 deducere
678 605 826 666 montibus
848 623 946 667 ornos.

217 694 263 753 his
284 694 337 753 tihi
359 693 466 771 Grynei
487 692 616 752 nemoris
638 691 752 751 dicatur
774 691 866 768 origo,

216 794 254 837 ne
277 778 343 854 quis
365 777 401 836 sit
422 775 520 845 lucus,
544 793 602 853 quo
624 792 656 835 se
677 773 744 851 plus
765 775 853 834 iactet
873 773 995 851 Apollo!

217 858 292 930 Quid
313 859 432 938 loquar,
455 865 505 919 aut
526 857 650 937 Scyllam
672 858 742 928 Nisi,
766 875 853 936 quam
874 857 951 918 lama
974 866 1099 919 secutast

217 943 340 1004 candida
361 944 540 1004 succinctam
562 940 734 1002 latrantibus
756 942 873 1019 inguina
896 945 1035 1002 monstris
1065 952 1099 1008 75

215 1027 362 1088 Dulichias
384 1044 503 1086 vexasse
524 1032 603 1086 rates
625 1033 653 1086 et
675 1026 789 1104 gurgite
810 1026 840 1085 in
862 1024 919 1085 alto

216 1112 245 1171 a!
267 1111 384 1170 tinridos
406 1116 508 1170 nautas
531 1109 651 1169 canibus
672 1108 818 1168 lacerasse
838 1109 973 1169 marinis:

216 1200 266 1255 aut
286 1200 319 1254 ut
339 1199 466 1254 mutatos
487 1193 573 1253 Terei
594 1192 756 1252 narraverit
777 1198 866 1262 artus,

216 1295 288 1355 quas
310 1276 351 1338 illi
371 1276 531 1337 Philomela
553 1276 657 1353 dapes,
680 1293 754 1353 quae
777 1275 852 1336 dona
873 1278 993 1354 pararit,

217 1378 274 1438 quo
297 1378 385 1421 cursu
408 1360 523 1420 deserta
544 1360 690 1436 petiverit,
714 1366 742 1419 et
764 1358 870 1436 quibus
892 1358 948 1420 alte
1065 1371 1099 1424 8ss

216 1442 315 1503 inlelix
337 1461 389 1503 sua
410 1449 486 1502 tecta
508 1460 597 1519 super
619 1442 779 1501 volitaverit
800 1440 874 1501 alisi

217 1525 336 1595 Omnia,
360 1543 434 1602 quae
455 1525 575 1584 Phoebo
598 1525 744 1602 quondam
766 1524 922 1584 meditante
944 1525 1047 1586 heatus

218 1609 308 1669 audiit
328 1608 454 1669 Eurotas
475 1608 615 1685 iussitque
637 1607 768 1667 ediscere
789 1605 895 1676 lauros,

218 1691 266 1753 ille
288 1694 364 1752 cauit
386 1690 496 1770 (pulsae
517 1690 652 1751 referunt
673 1690 710 1750 ad
732 1689 827 1750 sidera
849 1689 956 1770 valles),

217 1793 324 1854 cogere
345 1776 440 1836 donec
462 1792 530 1834 oves
551 1773 672 1834 stabulis
693 1791 906 1852 numerumque
926 1774 1033 1837 referri
1064 1788 1101 1843 85

217 1861 299 1921 iussit
321 1866 350 1920 et
370 1859 459 1919 invito
481 1859 625 1934 processit
644 1856 756 1934 Vesper
777 1856 909 1937 Olympo.

499 2041 698 2049 ——-—

555 2200 643 2288 VII'

314 2351 504 2399 monuo.
541 2350 697 2412 common.
732 2349 879 2398 umnam.

217 2448 260 2507 M.
284 2447 373 2508 Forte
395 2446 449 2507 sub
472 2453 575 2523 arguta
598 2447 770 2507 consederat
791 2446 855 2507 ilice
877 2445 1015 2523 Daphnis,

220 2529 480 2608 compulerantque
495 2545 602 2605 greges
617 2528 752 2607 Corydon
773 2535 801 2589 et
816 2528 937 2606 Thyrsis
953 2531 983 2588 iu
998 2546 1098 2602 unum,

219 2611 338 2689 Thyrsis
360 2630 443 2681 oves,
468 2611 601 2689 Corydon
623 2610 762 2670 distentas
783 2610 858 2670 lacte
881 2609 1015 2688 capellas,

219 2693 306 2754 amho
327 2693 466 2754 ilorentes
487 2693 643 2763 aetatibus,
665 2693 795 2754 Arcades
817 2693 912 2763 ambo,

219 2784 247 2837 et
269 2784 386 2840 cantare
408 2795 494 2856 pares
516 2784 545 2838 et
565 2777 746 2854 respondere
766 2778 868 2855 parati.
1082 2792 1100 2846 5

218 2861 277 2922 huc
298 2863 384 2933 mihi,
409 2862 477 2923 dum
499 2868 615 2922 teneras
637 2861 762 2922 delendo
784 2880 800 2921 a
822 2861 932 2940 frigore
953 2871 1072 2941 myrtos,

218 2947 261 3006 vir
275 2948 373 3024 gregis
390 2947 453 3023 ipse
471 2963 558 3022 caper
577 2944 778 3013 deerraverat;
794 2952 880 3023 atque
892 2962 946 3022 ego
955 2945 1099 3024 Daphnim

218 3030 336 3107 aspicio.
381 3028 428 3090 ille
450 3029 500 3090 ubi
521 3048 569 3089 me
591 3035 692 3090 contra
713 3029 806 3099 videt,
830 3028 929 3090 ‘ocius’
951 3031 1045 3108 inquit

220 3113 287 3174 ‘hue
301 3112 386 3184 ades,
409 3132 426 3173 o
448 3112 604 3182 ltlelihoee;
628 3131 715 3190 caper
736 3112 789 3172 tihi
811 3112 905 3173 salvos
928 3120 957 3174 et
976 3113 1077 3185 haedi;

220 3203 248 3257 et
269 3197 363 3274 siquid
386 3214 503 3257 cessare
524 3204 621 3274 polea,
643 3201 794 3274 requiesce
816 3195 870 3256 suh
893 3195 1007 3257 umbra.
1070 3208 1101 3260 lo

222 3280 280 3341 huc
301 3281 357 3358 ipsi
377 3288 478 3358 potum
499 3282 615 3341 venient
634 3297 688 3357 per
709 3286 792 3356 prata
813 3281 941 3348 iuvenci;

218 3363 266 3424 hic
287 3363 386 3425 viridis
407 3372 508 3425 tenera
529 3365 671 3441 praetexit
692 3362 855 3426 harundine
875 3364 954 3440 ripas

219 3445 356 3518 Mincius,
379 3465 453 3526 eque
474 3464 558 3508 sacra
579 3452 719 3507 resonant
740 3448 871 3507 examina
892 3447 1023 3526 quercu!
