2400 3878
446 222 587 271 VERGILI
604 223 728 272 thunre
744 225 761 271 h

97 377 207 439 ltaliam
230 377 379 455 sequimur
401 376 560 453 fugientem
582 384 611 437 et
632 376 774 439 volvimur
794 379 888 439 undis.

97 459 143 522 hic
165 460 265 539 Erycis
287 461 358 521 fines
381 460 501 520 fraterni
524 466 610 538 atque
631 461 738 538 hospes
757 461 890 522 Acestes:
1057 472 1109 526 6³⁰

98 545 180 622 tquis
199 542 337 621 probibet
357 561 458 605 muros
479 544 575 604 iacere
598 551 626 605 et
646 544 716 604 dare
737 543 847 605 civibus
860 544 983 607 urbemi

95 646 112 686 o
136 630 229 705 patria
248 635 276 687 et
298 629 374 705 rapti
396 628 571 705 nequiquam
592 646 627 688 er
650 627 734 689 hoste
755 635 892 706 penates,

94 709 211 772 nullane
229 712 285 790 iam
305 710 410 771 Troiae
430 712 563 769 dicentur
584 712 718 770 moenia?
737 728 881 789 nusquam

94 794 255 855 Hectoreos
278 795 370 853 amnis
393 793 541 854 Xanthum
565 803 592 854 et
613 795 761 855 Simoenta
783 794 904 855 videboi

95 879 164 956 quin
187 878 262 955 agite
285 885 314 937 et
335 895 450 937 mecum
473 876 612 937 infaustas
634 880 746 939 exurite
768 879 884 955 puppis.
1057 889 1108 943 635

94 978 161 1021 nam
184 960 254 1021 mihi
278 961 456 1021 Cassandrae
474 978 528 1039 per
550 978 686 1022 somnum
705 963 776 1020 vatis
799 962 893 1039 imago
1092 981 1097 989 ’

94 1044 223 1104 ardentis
242 1044 313 1105 dare
332 1046 392 1104 visa
413 1045 506 1104 faces:
530 1045 602 1105 “hic
625 1047 754 1123 quaerite
776 1043 909 1114 Troiam,

95 1127 141 1188 bic
161 1128 264 1188 domus
286 1126 350 1188 est”
374 1128 468 1205 inquit
486 1127 624 1188 “vohis''.
669 1130 726 1189 iam
748 1136 863 1205 tempus
883 1130 929 1205 agi
950 1146 1013 1197 res,

95 1227 149 1271 nec
169 1213 256 1271 tantis
278 1228 361 1270 mora
383 1211 533 1288 prodigiis.
578 1229 614 1272 en
637 1219 774 1290 quattuor
794 1228 862 1272 arae

94 1293 245 1371 Neptuno;
268 1294 340 1354 deus
361 1295 424 1372 ipse
442 1295 520 1353 faces
543 1296 728 1374 animamque
746 1293 914 1355 ministrat'

94 1376 167 1438 haec
189 1394 357 1437 memorans
378 1379 472 1454 prima
493 1376 639 1437 infensum
661 1381 688 1437 vi
711 1379 832 1455 corripit
850 1379 945 1454 ignem

94 1459 266 1537 sublataque
289 1459 394 1537 procul
415 1459 517 1518 dextra
537 1463 638 1520 conixa
662 1468 796 1520 coruscat

95 1552 123 1602 et
146 1544 222 1604 iacit.
268 1550 400 1603 arrectae
422 1549 535 1602 mentes
557 1544 778 1622 stupefactaque
797 1542 884 1601 corda

94 1625 225 1688 iliadum.
271 1626 318 1686 hic
336 1642 393 1685 una
417 1644 433 1685 e
454 1625 564 1685 multis.
590 1643 664 1702 quae
689 1626 813 1686 maxima
835 1632 919 1694 natu,

95 1710 207 1788 Pyrgo,
231 1717 273 1769 tot
294 1710 402 1770 Priami
423 1715 559 1769 natorum
584 1727 664 1787 regia
685 1709 798 1769 nutrix:

98 1802 170 1853 ‘non
188 1794 283 1854 Beroe
304 1792 399 1861 vobis,
423 1809 482 1851 non
503 1792 577 1852 haec
599 1792 752 1863 Rhoeteia,
774 1800 897 1860 matres,

95 1883 138 1936 est
156 1876 271 1955 Dorycli
295 1878 435 1936 coniunx:
460 1875 547 1936 divini
569 1878 650 1954 signa
672 1876 786 1936 decoris

94 1961 282 2037 ardentisque
304 1967 401 2020 notate
422 1959 538 2029 oculos,
560 1961 609 2038 qui
630 1960 748 2036 spiritus
768 1958 823 2028 illi,

95 2045 159 2121 quis
181 2042 275 2103 voltus
296 2045 433 2121 vocisque
457 2060 546 2103 sonus
568 2041 614 2104 vel
634 2059 753 2120 gressus
773 2043 861 2104 eunti.

93 2127 155 2204 ipsa
178 2135 294 2202 egomet
316 2126 426 2188 dudum
448 2125 563 2186 Beroen
585 2126 715 2202 digressa
737 2125 842 2205 reliqui

94 2228 226 2288 aegram,
246 2210 458 2287 indignantem,
482 2208 531 2270 tali
553 2210 631 2288 quod
654 2209 715 2269 sola
736 2216 851 2270 careret

94 2310 218 2354 munere
236 2311 291 2354 nec
313 2295 433 2354 meritos
454 2293 598 2353 Anchisae
619 2294 740 2352 inferret
762 2291 916 2353 honores'

94 2375 168 2436 haec
190 2376 283 2437 effata.

94 2467 123 2519 at
144 2466 252 2519 matres
273 2461 367 2536 primo
387 2462 527 2537 ancipites
545 2457 696 2534 oculisque
716 2457 849 2536 malignis

97 2541 248 2618 ambiguae
270 2550 402 2619 spectare
423 2549 501 2601 rates
525 2541 663 2600 miserum
685 2542 760 2599 inter
782 2559 912 2600 amorem

94 2627 258 2703 praesentis
275 2633 373 2685 terrae
396 2625 518 2703 fatisque
540 2624 671 2682 vocantia
693 2639 799 2698 regna:

95 2727 162 2769 cum
186 2709 239 2769 dea
260 2727 292 2768 se
312 2706 432 2785 paribus
452 2724 506 2784 per
529 2704 641 2767 caelum
661 2704 775 2764 sustulit
798 2704 850 2764 alis

94 2793 301 2870 ingentemque
324 2791 392 2868 fuga
411 2791 502 2850 secuit
522 2788 578 2851 sub
600 2787 729 2848 nubibus
752 2806 861 2848 arcum.

93 2883 155 2936 tum
177 2893 247 2935 vero
269 2875 408 2935 attonitae
428 2875 565 2934 monstris
586 2880 726 2950 actaeque
748 2873 848 2932 furore

94 2958 293 3027 conclamant,
316 2959 491 3036 rapiuntque
513 2958 584 3019 focis
602 2955 802 3033 penetralibus
824 2956 936 3032 ignem,

93 3060 162 3120 pars
184 3041 308 3120 spoliant
332 3059 413 3111 aras,
434 3041 570 3102 frondem
590 3058 624 3099 ac
645 3038 769 3115 virgulta
788 3039 923 3115 facesque

97 3126 254 3186 coniciunt.
297 3125 368 3185 furit
389 3126 514 3185 inmissis
535 3123 678 3183 Volcanus
700 3122 821 3183 habenis

97 3215 223 3268 transtra
244 3225 297 3286 per
320 3216 348 3269 et
369 3227 467 3270 remos
488 3216 517 3269 et
537 3210 628 3286 pictas
650 3205 744 3266 abiete
762 3205 876 3283 puppis.

94 3299 213 3352 nuntius
236 3291 378 3352 Anchisae
400 3292 437 3352 ad
459 3291 603 3352 tumulum
626 3307 793 3367 cuneosque
813 3288 919 3349 theatri

95 3374 228 3433 incensas
249 3373 362 3450 perfert
382 3377 461 3435 navis
479 3372 631 3442 Eumelus,
655 3380 684 3434 et
701 3372 756 3450 ipsi

96 3457 257 3536 respiciunt
280 3463 372 3517 atram
393 3459 423 3516 in
444 3457 543 3518 nimbo
564 3456 685 3517 volitare
706 3454 838 3516 favillam.
