2400 3878
432 235 576 284 vnssfflm
591 237 715 285 anunm
731 238 782 284 XII

145 391 205 454 Nee
224 391 321 450 minus
342 388 464 458 Aeneas,
488 392 663 467 quamquam
685 390 796 451 tardata
820 392 921 468 sagitta

102 473 248 538 interdum
272 488 366 551 genua
384 471 545 548 impediunt
567 490 744 553 cursumque
765 482 910 544 recusant,

102 557 265 635 insequitur
284 554 449 632 uepidique
467 554 573 633 pedem
595 556 670 634 pede
691 556 820 618 fervidus
840 565 940 636 urget:

102 639 249 702 inclusum
267 637 356 699 adun
378 637 519 714 siquando
538 637 659 700 flumine
679 647 801 701 nanctus

104 739 221 784 cervom
240 728 289 782 aut
309 718 450 799 puniceae
471 727 604 798 saeptum
626 722 781 795 formidine
801 725 907 801 pinnae

103 812 223 868 venator
243 821 331 866 cursu
354 803 434 862 canis
455 809 484 864 et
501 803 653 866 latratibus
674 807 775 872 instat;
847 829 850 836 ’

103 889 150 949 ille
171 897 276 958 autem,
299 885 409 946 insidiis
430 892 459 947 et
479 887 543 966 ripa
564 888 683 949 territus
705 888 770 959 alta,

103 970 180 1031 mille
201 971 276 1049 lugu
286 969 460 1048 refugitque
479 972 553 1038 rias;
574 978 603 1030 at
622 972 732 1032 vividus
750 970 860 1034 Umber

103 1056 206 1115 haeret
226 1053 318 1132 hians,
339 1054 532 1131 iamiamque
553 1061 634 1115 tenet
652 1054 812 1134 similisque
832 1057 943 1118 tenenti

103 1137 247 1217 increpuit
268 1135 350 1197 malis
372 1153 531 1214 morsuque
547 1136 646 1198 elusus
663 1138 741 1199 inani
763 1146 814 1199 est.

104 1227 165 1280 tum
185 1236 254 1280 vero
277 1220 405 1280 exoritur
428 1219 547 1290 clamor,
566 1221 706 1300 ripaeque
726 1221 864 1300 lacusque

103 1310 275 1380 responsant
296 1304 373 1363 circa
395 1308 425 1364 et
445 1301 557 1364 caelum
578 1312 658 1364 tonat
679 1322 765 1366 omne
785 1305 920 1366 tumultu.

104 1385 150 1446 ille
172 1384 257 1446 simul
277 1385 390 1465 lugiens
411 1385 533 1447 Rutulos
553 1387 640 1447 simul
658 1390 790 1467 increpat
810 1390 913 1456 omnis,

104 1470 220 1529 nomine
242 1486 386 1547 quemque
406 1485 522 1538 vocans,
544 1476 705 1547 notumque
726 1469 862 1547 efflagitat
884 1488 992 1531 ensem.

102 1553 214 1613 Aeneas
232 1559 358 1612 mortem
379 1559 480 1611 contra
499 1568 696 1630 praesensque
714 1554 840 1612 minatur

103 1636 230 1705 exitium,
249 1636 273 1695 si
295 1636 446 1715 quisquam
467 1633 560 1704 adeat,
581 1641 730 1713 terretque
748 1636 898 1696 trementis

103 1720 267 1779 excisurum
289 1716 393 1778 urbem
415 1717 551 1777 minitans
574 1724 603 1777 et
623 1719 738 1778 saucius
760 1719 856 1779 instat.

106 1800 332 1879 quinquenniis
354 1800 471 1878 explent
493 1818 581 1861 eursu
603 1801 780 1880 totidemque
800 1809 936 1862 retexunt

106 1881 160 1946 hue
180 1883 262 1953 illne;
288 1902 384 1963 neque
407 1885 483 1944 enim
505 1881 578 1945 levia
601 1892 650 1946 aut
670 1884 783 1946 ludicra
804 1892 942 1962 petuntur

103 1969 239 2046 praemia,
263 1967 314 2029 sed
334 1968 426 2029 Turni
448 1968 484 2028 de
505 1970 561 2029 vita
583 1978 611 2030 et
631 1971 771 2047 sanguine
795 1976 916 2029 certant.

103 2052 179 2112 lorte
200 2068 283 2112 sacer
305 2050 404 2111 Fauno
426 2050 502 2113 ioliis
525 2051 648 2114 oleaster
669 2053 776 2113 amaris

102 2134 150 2194 lric
173 2141 301 2204 steterat,
323 2135 417 2196 nautis
435 2134 504 2195 olim
526 2135 690 2198 venerabile
706 2136 827 2214 lignum,

103 2219 207 2278 serrati
228 2236 263 2277 er
284 2218 370 2278 undis
392 2216 442 2277 ubi
460 2219 550 2296 ligere
571 2219 646 2279 dona
669 2219 802 2280 solebant

101 2300 240 2361 Laurenti
261 2300 325 2360 divo
348 2308 377 2360 et
397 2307 479 2360 votas
500 2302 679 2380 suspendere
701 2310 795 2362 vestes

102 2384 153 2444 sed
177 2384 296 2459 stirpem
317 2381 423 2442 Teuerl
444 2382 524 2442 nullo
546 2384 711 2444 discrimine
732 2400 847 2459 sacrum

102 2462 287 2534 sustulerant,
309 2481 385 2540 puro
404 2470 436 2523 ut
456 2473 574 2540 possent
595 2481 771 2527 concurrere
791 2484 907 2544 campo

102 2547 150 2606 hie
168 2541 249 2606 hasta
269 2545 385 2606 Aeneae
406 2545 509 2614 stabat,
532 2546 591 2606 huo
612 2547 737 2623 impetus
758 2546 836 2607 illam
905 2552 913 2557 “
1013 2612 1016 2621 ,

103 2628 247 2690 detulerat
264 2629 350 2688 fixam
372 2634 401 2688 et
422 2627 500 2688 lenta
521 2630 619 2689 radice
639 2628 765 2690 tenebat.

104 2710 237 2773 incubuit
252 2700 398 2789 voluitque
419 2728 507 2772 manu
527 2710 689 2773 consedere
707 2711 818 2772 terrum

103 2794 280 2856 Dardanides
297 2793 414 2875 teloque
434 2795 526 2874 sequi,
549 2812 637 2873 quem
654 2794 801 2874 prendere
823 2812 911 2856 cursu
1053 2802 1103 2854 ⁷⁷5

102 2896 161 2939 uon
181 2885 305 2959 poterat.
338 2885 401 2939 tum
422 2895 491 2939 vero
510 2896 610 2940 amens
627 2877 783 2941 formidine
803 2878 920 2940 Turnus

104 2962 227 3034 ‘laune
250 2980 366 3042 precor,
387 2962 541 3024 miserere'
564 2963 656 3042 inqult
678 2971 782 3040 ‘tuque
803 2959 910 3041 optima
932 2964 1041 3025 ferrum

103 3051 181 3104 terra
201 3055 277 3118 tene,
289 3045 377 3108 'colui
397 3054 509 3108 vestros
529 3049 554 3107 si
573 3064 690 3125 semper
709 3047 846 3118 honores,

104 3143 178 3202 quos
196 3136 298 3190 contra
318 3130 471 3191 Aeneadae
492 3129 569 3190 bello
589 3131 686 3192 iecere
703 3129 859 3209 profanos!

105 3209 176 3267 dixit
197 3228 341 3290 opemque
362 3213 409 3274 dei
429 3230 489 3273 non
511 3230 592 3275 cassa
613 3216 643 3274 in
660 3219 726 3272 vota
747 3213 867 3271 vocant,
1051 3211 1103 3265 ⁷⁰0
1178 3241 1182 3247 ‚

104 3308 231 3369 namque
249 3293 299 3353 diu
319 3292 434 3354 luctans
453 3294 590 3374 lentoque
611 3297 641 3354 in
663 3295 753 3369 stirpe
773 3293 903 3373 moratus

104 3374 214 3435 viribus
235 3374 312 3434 haud
334 3375 401 3436 ullis
421 3375 509 3437 valuit
531 3376 695 3438 discludere
716 3391 833 3448 morsus

104 3457 220 3519 roboris
238 3457 359 3517 Aeneas.
388 3457 459 3519 dum
478 3461 578 3519 nititur
599 3475 667 3519 acer
689 3463 718 3518 et
739 3457 833 3527 instat,
