2400 3878
153 165 213 228 820
487 171 629 220 rnnornr
646 169 770 220 ununrs
787 169 824 218 ιιι

151 331 324 410 Tiburtique
344 345 457 396 manus,
479 326 562 388 ducis
584 335 613 387 et
630 334 662 387 tu
680 326 804 404 concipe
825 325 945 385 euram!

151 418 194 478 sic
216 415 263 484 ait,
287 422 315 473 et
336 410 458 507 paribus
480 410 675 489 Messapum
666 427 698 470 m
716 408 828 508 proelia
850 408 934 469 dictls
1110 415 1164 468 ⁶20

151 498 286 560 hortatur
308 496 462 574 sociosque
480 494 569 556 duces
592 501 622 556 et
643 494 740 573 pergit
760 495 790 554 in
812 492 936 554 hostem.

153 591 197 644 est
218 598 308 643 curro
331 578 463 640 anlractu
482 576 579 647 valles,
602 577 795 638 adcommoda
816 577 913 638 iraudi

152 682 360 761 armorumque
378 661 460 731 dolis,
471 665 572 748 [quam
594 661 691 722 densis
709 660 863 722 frondibus
885 669 981 722 auum

152 758 239 828 urget
260 749 408 826 utrimque
428 742 630 825 latus,]tennis
652 763 711 825 quo
735 746 838 806 semita
860 745 939 806 ducit

154 842 352 910 angustaeque
375 829 474 891 lerunt
496 831 596 890 fauces
618 828 771 907 aditusque
790 821 920 907 'maligni
1109 836 1163 888 oto

152 918 230 978 banc
252 933 342 1012 super
363 915 395 973 in
416 911 542 991 speculis
563 931 737 992 summoque
754 913 784 974 in
804 915 912 974 rertlce
931 914 1038 974 montis

152 1000 286 1081 planities
306 999 404 1075 ignota
426 1000 501 1058 iacet
523 999 634 1076 tutique
654 1005 801 1078 receptus,

152 1102 205 1145 seu
227 1083 327 1143 dextra
349 1081 487 1160 laevaque
508 1080 579 1141 velis
600 1099 759 1142 occurrere
779 1099 905 1161 pugnae,

156 1169 215 1228 sive
236 1167 344 1227 instare
365 1167 441 1242 iugis
466 1173 495 1226 et
513 1164 633 1242 grandia
656 1164 772 1227 volvere
794 1184 873 1227 sara.

153 1251 237 1311 huc
229 1250 340 1310 iuvenis
361 1258 431 1309 nota
451 1249 545 1310 lertur
565 1266 685 1326 regione
706 1268 819 1311 riarum
1110 1255 1164 1308 oto

155 1335 335 1478 ”tellit
354 1331 605 1516 llllalullll
621 1242 998 1508 tellite&

153 1520 242 1564 unam
263 1521 298 1563 ex
320 1501 480 1580 virginibus
501 1502 588 1562 sociis
609 1519 753 1582 sacraque
773 1509 897 1574 caterva,

154 1585 348 1666 compellabat
368 1595 397 1647 et
420 1586 472 1646 has
490 1586 580 1647 tristis
598 1586 719 1648 Latonia
738 1605 825 1648 voces

154 1688 205 1731 ore
226 1669 327 1731 dabat:
351 1670 501 1747 ‘graditur
523 1669 632 1731 bellum
651 1670 688 1730 ad
708 1670 827 1732 crudele
849 1667 979 1741 Camilla,
1110 1677 1163 1730 555

154 1773 171 1813 o
195 1756 285 1832 virgo,
306 1762 334 1814 et
356 1756 464 1814 nostris
480 1754 659 1834 nequiquam
682 1757 809 1832 cingitur
828 1756 926 1826 armis,

154 1855 222 1898 cara
243 1837 314 1898 mihi
330 1845 398 1898 ante
420 1835 510 1897 alias!
544 1837 650 1917 (neque
673 1839 751 1899 enirn
772 1856 863 1898 noros
884 1840 939 1900 iste
958 1838 1068 1901 Dianae

155 1923 233 1981 venit
252 1938 336 1980 amor
359 1919 513 1999 subitaque
538 1922 667 1981 animum
689 1920 843 1982 dulcedine
864 1923 962 1983 morit.

154 2005 255 2083 pulsus
276 2002 314 2063 ob
337 2003 473 2064 invidiam
494 2021 586 2082 regno
608 2005 743 2083 viresque
764 2005 907 2084 superbas

154 2089 293 2149 Priverno
311 2088 430 2164 antiqua
451 2086 584 2148 lletabus
605 2105 672 2149 cum
691 2089 846 2150 excederet
865 2090 949 2160 urbe,
1111 2096 1164 2150 oto

153 2171 293 2231 infantem
311 2171 428 2247 lugiens
445 2171 539 2231 media
561 2173 637 2232 inter
655 2172 767 2250 proelia
787 2172 857 2235 belli

154 2253 268 2316 sustulit
290 2253 375 2316 exilio
397 2256 533 2316 comitem
553 2257 712 2335 matrisque
733 2258 845 2319 vocavit

157 2340 276 2400 nomine
298 2337 450 2401 Casmillae
470 2346 580 2400 mutata
598 2348 682 2420 parte
703 2340 862 2403 Camillam.

155 2424 219 2504 ipse
239 2424 306 2483 sinu
325 2440 397 2503 prae
416 2442 448 2486 se
469 2431 590 2504 portans
609 2425 677 2504 iuga
697 2424 785 2504 longa
804 2425 923 2504 petebat

154 2506 285 2568 solorum
307 2525 477 2570 nemorum:
496 2507 552 2570 tela
573 2510 704 2590 undique
724 2528 809 2572 saera
829 2506 1002 2589 premebant
1112 2515 1168 2570 545

155 2600 183 2653 et
205 2592 381 2654 circumfuso
403 2592 560 2654 volitabant
581 2593 673 2654 milite
694 2593 799 2655 Volsci.

154 2695 223 2737 ecce
245 2675 330 2755 fugae
352 2677 449 2738 medlo
469 2677 590 2738 summis
611 2679 774 2740 Amasenus
794 2676 947 2738 abundans

153 2760 308 2838 spumabat
328 2762 413 2838 ripis:
437 2769 535 2822 tantus
555 2779 587 2822 se
606 2761 734 2824 nubibus
754 2761 849 2823 imber

153 2855 282 2922 ruperat.
316 2842 373 2914 ille,
396 2847 499 2906 innare
520 2862 636 2922 parans,
659 2846 777 2906 infantis
799 2862 900 2906 amore

154 2926 286 2986 tardatur
308 2944 437 3006 caroque
459 2930 542 2987 oneri
563 2929 654 2988 timet.
690 2930 787 2990 omnia
808 2946 910 2990 secum
1111 2935 1168 2991 ebo

155 3011 280 3068 versanti
302 3009 400 3070 subito
420 3011 468 3070 rix
488 3011 562 3070 haec
583 3013 725 3073 sententia
744 3011 829 3072 sedit.

154 3090 244 3152 telum
265 3094 392 3153 immane
412 3111 501 3155 manu
523 3091 615 3153 rallda
637 3095 716 3172 quod
737 3095 813 3156 lorte
834 3096 955 3174 gerebat

153 3175 288 3247 bellator,
312 3176 437 3238 solidum
460 3177 545 3239 nodls
565 3185 593 3236 et
617 3177 727 3241 robore
749 3186 841 3250 cocto,

153 3260 223 3323 huic
245 3269 351 3332 natam,
373 3261 449 3323 libro
473 3271 502 3324 et
524 3260 649 3322 silvestri
671 3262 779 3324 subere
797 3262 936 3335 clausam,

153 3344 282 3422 implicat
302 3354 388 3424 atque
409 3346 535 3407 habilem
556 3346 669 3408 mediae
687 3345 872 3426 circumligat
890 3347 1004 3419 hastam
1111 3356 1169 3413 555

155 3446 241 3507 quam
267 3434 371 3495 dextra
388 3432 496 3510 ingenti
518 3432 629 3492 librans
648 3437 687 3493 tta
708 3431 745 3493 ad
767 3431 886 3494 aethera
908 3432 1002 3496 latur:
