2400 3878
359 210 500 257 vnnotm
525 206 725 257 GEORGIOON
748 209 785 255 111

71 369 99 430 in
121 366 233 426 loribus
255 383 381 443 pugnam
404 383 439 424 ex
460 382 532 424 auro
554 362 704 441 solidoque
726 361 878 439 elephanto

71 448 267 527 Gangaridum
289 450 391 508 faciam
413 448 587 524 victorisque
608 464 688 506 arma
711 445 832 514 Quirini,

71 542 156 609 atque
178 532 225 591 hic
247 532 404 591 undantem
425 528 501 590 bello
523 547 718 607 magnumque
740 528 877 588 liuentem

70 615 167 678 Nilum
188 633 223 675 ao
244 614 337 674 navali
359 614 504 689 surgentis
525 630 593 672 aere
615 612 774 672 columnas.

70 699 174 759 addam
196 697 285 757 urbes
305 698 389 757 Asiae
411 696 534 755 domitas
554 695 728 773 pulsumque
749 693 892 770 Niphaten

69 783 263 858 fidentemque
284 783 353 858 luga
374 778 513 839 Parthum
534 779 684 856 versisque
704 779 814 855 sagittis

71 872 99 925 et
121 866 178 924 duo
200 871 283 941 rapta
305 879 394 922 mauu
416 862 529 921 diverso
552 880 587 921 ex
608 861 693 920 hoste
713 867 833 937 tropaea

71 954 178 1030 hisque
201 951 397 1028 triumphatas
418 958 544 1026 utroque
567 950 603 1010 ab
625 950 712 1010 litore
734 957 847 1026 gentes.

72 1036 183 1096 lnvidia
205 1035 308 1096 infelix
331 1035 423 1094 lurias
445 1051 620 1110 amnemque
643 1051 779 1094 severum

73 1121 172 1198 Cocyti
195 1127 330 1179 metuens
353 1125 504 1196 tortosque
526 1118 638 1178 Ixionis
659 1117 763 1194 anguis

70 1206 288 1281 immanemque
311 1209 405 1263 rotam
429 1210 459 1262 et
480 1220 540 1261 noo
564 1199 768 1280 exsuperabile
790 1217 893 1260 saxum

74 1287 194 1346 stabunt
217 1293 246 1345 et
267 1286 344 1345 Parii
367 1285 493 1363 lapides,
517 1287 659 1364 spirantia
682 1286 775 1362 signa,

72 1371 205 1430 Assaraci
227 1369 327 1446 proles
349 1368 553 1447 demissaeque
575 1367 614 1426 ab
634 1369 700 1428 love
723 1368 818 1445 gentis

72 1454 191 1515 nomina
213 1453 349 1530 Trosque
372 1470 479 1530 parens
501 1460 530 1511 et
551 1453 657 1513 Troiae
680 1450 819 1528 Cynthius
842 1459 944 1508 auctor

76 1539 184 1592 interea
207 1532 347 1609 dryadum
371 1530 455 1590 silvas
477 1531 624 1610 saltusque
646 1551 803 1610 sequamur

75 1618 213 1684 intactos,
236 1621 299 1682 tua,
322 1614 489 1682 Maecenas,
512 1614 583 1673 haut
604 1615 701 1675 mollia
723 1612 808 1677 iussa.

74 1706 103 1758 te
125 1699 187 1758 sine
208 1696 248 1757 nil
270 1696 360 1760 altum
382 1715 464 1757 meus
485 1698 618 1757 incohat:
642 1717 677 1759 en
700 1717 753 1776 age
775 1703 871 1777 segnis

75 1799 180 1859 rumpe
201 1799 311 1849 moras;
335 1788 418 1840 vocat
438 1782 546 1856 ingenti
569 1780 696 1842 clamore
719 1783 874 1865 Cithaeron

74 1864 253 1942 Taygetique
275 1881 361 1924 canes
383 1864 576 1941 domitrixque
597 1864 759 1941 Epidaurus
781 1885 932 1944 equorum,

74 1955 103 2008 et
124 1965 179 2007 vox
200 1947 325 2008 adsensu
346 1965 500 2008 nemorum
521 1949 695 2024 ingeminata
716 1953 851 2028 remugit.

74 2050 142 2091 mox
163 2038 260 2091 tamen
282 2030 410 2091 ardentis
432 2033 567 2107 accingar
589 2032 687 2092 dicere
708 2050 821 2111 pugnas

75 2114 204 2175 Caesaris
226 2121 254 2173 et
275 2131 382 2174 nomen
404 2115 479 2174 lama
501 2122 544 2174 tot
565 2115 643 2175 ierre
665 2134 719 2192 per
741 2134 840 2186 annos,

74 2197 191 2257 Tithoni
211 2199 304 2275 prima
327 2204 397 2275 quot
417 2197 499 2258 abest
521 2197 558 2256 ab
581 2200 692 2275 origine
715 2199 829 2260 Caesar.

117 2280 175 2341 Seu
196 2281 260 2358 quis
282 2279 465 2358 Olympiacae
487 2283 608 2341 miratus
628 2284 757 2358 praemia
779 2283 892 2361 palmae

75 2369 174 2441 pascet
195 2381 285 2441 equos
306 2381 359 2423 seu
376 2364 441 2442 quis
463 2364 545 2424 lortis
561 2365 596 2424 ad
618 2373 713 2426 aratra
735 2367 881 2435 iuvencos,

75 2463 201 2523 corpora
222 2446 378 2523 praecipue
399 2454 525 2507 matrum
546 2445 631 2524 legat.
675 2456 792 2524 optuma
813 2456 912 2509 torvae

76 2529 170 2588 torma
191 2527 287 2596 bovis,
311 2530 357 2588 cui
378 2535 464 2604 turpe
486 2536 588 2604 caput,
612 2530 658 2589 cui
679 2529 803 2605 plurima
827 2534 931 2600 cervix,

76 2619 106 2672 et
127 2628 247 2670 crurum
269 2618 353 2669 tenus
374 2628 390 2670 a
412 2618 511 2670 mento
532 2609 659 2685 palearia
680 2612 822 2687 pendent;

76 2700 139 2754 tum
160 2692 247 2769 longo
269 2691 367 2752 nullus
387 2692 471 2753 lateri
486 2692 607 2760 modus;
630 2695 726 2752 omnia
747 2711 862 2770 magna,

75 2795 129 2855 pes
151 2777 249 2844 etiam:
273 2783 302 2835 et
323 2777 449 2836 camuris
470 2776 563 2835 hirtae
585 2775 639 2835 sub
662 2776 800 2837 cornibus
821 2796 915 2840 aures

75 2878 131 2921 uec
152 2860 223 2920 mihi
245 2859 394 2937 displiceat
414 2858 536 2919 maculis
557 2859 676 2937 insignis
698 2867 726 2919 et
747 2860 823 2933 albo,

76 2950 125 3004 aut
147 2945 212 3020 iuga
235 2943 400 3004 detractans
421 2942 624 3021 interdumque
646 2961 749 3020 aspera
771 2963 863 3006 cornu

76 3034 105 3086 et
126 3027 229 3086 taciem
251 3032 334 3086 tauro
350 3027 484 3103 propior,
506 3044 638 3104 quaeque
659 3027 749 3087 ardna
771 3036 829 3089 tota

76 3117 106 3170 et
126 3109 262 3186 gradiens
283 3111 339 3169 ima
360 3110 449 3169 verrit
466 3110 583 3185 vestigia
604 3111 704 3170 cauda.

76 3198 155 3252 aetas
175 3193 314 3253 Lucinam
336 3195 483 3270 iustosque
504 3194 564 3269 pati
583 3191 758 3270 hymenaeos

77 3274 181 3334 desinit
202 3281 268 3334 ante
289 3275 406 3345 decem,
429 3282 496 3351 post
517 3283 652 3353 quattuor
673 3277 773 3352 incipit
794 3294 899 3344 annom

78 3363 175 3416 cetera
195 3374 251 3417 neo
272 3357 384 3418 loturae
405 3357 508 3417 habilis
529 3376 584 3417 nec
605 3359 688 3416 sortis
708 3359 819 3418 aratris.

77 3439 203 3508 interea,
225 3447 344 3517 superat
364 3441 502 3519 gregibus
523 3441 593 3501 dum
614 3441 688 3501 laeta
708 3441 847 3510 iuventas,
