2400 3878
137 207 177 271 88
482 214 625 264 venenu
648 214 773 262 biems
796 215 808 262 1

137 376 172 436 ad
196 390 284 452 quem
305 379 367 432 tum
388 372 462 432 luno
483 370 605 449 supplex
623 370 668 430 his
690 370 812 432 vocibus
833 388 885 432 usa
902 377 959 432 est:

179 456 297 524 ⁴deole,
321 473 448 534 namque
469 454 522 515 tibi
543 456 639 514 divom
662 461 745 530 pater
763 463 850 533 atque
866 456 1020 518 hominum
1036 474 1097 518 rex
1127 467 1162 524 ω

136 550 165 603 et
186 540 316 601 mulcere
337 539 417 600 dedit
437 537 543 598 ssuctus
564 548 593 598 et
614 536 717 598 tollere
738 548 839 607 vento,

136 642 209 702 gens
229 624 346 684 inimica
367 622 439 682 mihi
456 621 642 700 Tyrrhenum
664 623 780 699 navigat
802 641 927 700 aequor,

136 708 221 769 Ilium
243 709 272 767 in
292 704 404 768 ltaliam
425 713 547 783 portans
569 713 717 783 notosque
739 715 874 783 penates:

137 794 236 853 incute
257 793 313 851 vim
336 791 429 849 ventis
450 790 678 866 submersasque
699 788 792 850 obrue
814 806 942 868 puppes,

137 886 186 936 aut
213 893 266 953 age
289 875 419 933 diversos
436 881 465 932 et
484 873 589 933 dissice
607 890 731 949 corpora
754 880 852 950 ponto.
1127 882 1164 940 ao

137 965 205 1019 sunt
227 957 298 1018 mibi
320 957 365 1016 bis
386 963 499 1033 septem
521 957 681 1034 praestanti
703 974 829 1035 corpore
850 955 1012 1035 nymphae,

138 1060 262 1121 quarum
284 1059 359 1119 quae
377 1041 472 1100 torma
493 1039 692 1117 pulcherrima
715 1041 856 1118 Deiopea,

137 1125 264 1187 conubio
286 1126 404 1202 iungam
422 1123 518 1184 stabili
536 1125 746 1202 propriamque
768 1125 888 1194 dicabo,

137 1211 232 1269 omnis
252 1218 284 1269 ut
304 1216 402 1268 tecum
424 1209 535 1268 meritis
556 1226 611 1285 pro
631 1207 736 1268 talibus
759 1227 851 1269 annos

138 1295 234 1369 exigat
255 1301 283 1352 et
304 1291 428 1369 pulchra
450 1292 536 1352 iaciat
555 1300 583 1351 te
603 1291 686 1368 prole
708 1291 885 1369 parentem'
1125 1302 1162 1360 75

179 1376 286 1437 Aeolus
305 1376 379 1436 haec
401 1382 518 1437 contra:
550 1383 648 1445 ⁴tuus,
672 1394 689 1435 o
707 1377 822 1454 regina,
847 1376 917 1455 quid
939 1382 1039 1454 optes,

138 1460 292 1538 explorare
316 1459 416 1529 lahor;
439 1460 511 1520 mihi
532 1460 610 1519 iussa
630 1478 783 1537 capessere
805 1462 848 1520 sas
870 1468 922 1520 est.

137 1552 169 1605 tu
190 1545 260 1605 mihi
283 1544 490 1624 quodcumque
507 1544 565 1603 hoc
582 1546 679 1621 regni,
701 1551 732 1604 tn
754 1554 871 1622 sceptra
892 1545 1053 1624 lovemque

139 1628 290 1698 concilias,
319 1636 350 1688 tu
370 1629 421 1689 das
445 1627 538 1706 epulis
560 1627 736 1688 accumbere
753 1628 862 1698 divom,

137 1712 364 1789 nimborumque
386 1713 456 1772 facis
478 1718 743 1791 tempestatumque
764 1708 940 1790 potentem'

178 1794 257 1855 Haeo
279 1795 329 1854 ubi
347 1796 436 1864 dicta,
460 1810 561 1855 cavom
584 1813 724 1856 conversa
747 1797 867 1874 cuspide
885 1802 1016 1858 montem

136 1877 251 1955 impulit
271 1879 301 1937 in
321 1877 411 1939 latus:
439 1896 473 1938 ac
494 1879 573 1938 venti
593 1877 671 1938 velut
691 1881 806 1956 agmine
828 1881 921 1949 tacto,

137 1979 195 2039 qua
217 1961 283 2021 data
306 1969 404 2038 porta,
430 1970 522 2022 ruunt
543 1969 572 2022 et
594 1969 690 2022 terras
711 1963 829 2023 turbine
850 1963 984 2042 perflant.

137 2044 301 2105 incubuere
323 2048 412 2114 mari,
439 2053 592 2124 totumque
614 2064 630 2106 a
651 2046 770 2108 sedibus
790 2049 855 2108 imis

138 2147 195 2189 una
218 2128 373 2209 Eurusque
394 2129 545 2209 Notusque
564 2139 655 2191 ruunt
676 2131 840 2209 creberque
859 2130 997 2209 procellis

137 2213 269 2282 Africus,
295 2222 324 2273 et
342 2220 437 2273 vastos
458 2214 576 2274 volvont
597 2215 633 2275 ad
654 2213 740 2275 litora
761 2215 876 2276 ssuotus.

137 2297 300 2374 insequitur
323 2296 492 2376 clamorque
512 2300 607 2359 virum
627 2300 794 2377 stridorque
817 2300 984 2360 rudentum.

138 2381 265 2458 eripiunt
285 2380 381 2441 subito
402 2382 497 2442 nubes
516 2383 687 2462 caelumque
707 2385 842 2462 diemque

137 2462 322 2525 Teucrorum
343 2484 380 2526 ex
402 2465 509 2535 oculis;
530 2476 621 2545 ponto
642 2484 701 2527 nox
721 2467 840 2528 incubat
858 2475 930 2527 atra.

138 2550 292 2610 intonuere
311 2549 372 2627 poli
392 2559 421 2611 et
442 2551 555 2612 crebris
577 2553 665 2612 micat
685 2551 801 2628 ignibus
824 2551 942 2628 aether,

138 2641 381 2712 praesentemque
400 2635 467 2695 viris
487 2638 632 2697 intentant
651 2638 747 2696 omnia
768 2643 903 2696 mortem.

138 2717 284 2794 extemplo
305 2720 421 2780 Aeneae
443 2720 594 2780 solvontur
613 2721 723 2796 frigore
746 2719 894 2786 membra:

137 2802 272 2875 ingemit,
293 2806 322 2861 et
345 2801 467 2877 duplicis
489 2804 612 2863 tendens
628 2803 664 2861 ad
686 2803 781 2863 sidera
801 2802 913 2880 palmas

137 2877 205 2942 talia
226 2900 297 2942 voce
318 2883 425 2942 refert:
460 2893 492 2942 ‘o
512 2892 615 2962 terque
639 2893 801 2964 quaterque
822 2885 913 2952 beati,

138 2967 204 3043 quis
226 2973 293 3024 ante
314 2982 366 3024 ora
387 2974 505 3041 patrum
527 2967 632 3027 Troiae
653 2967 708 3027 sub
731 2968 885 3029 moenibus
907 2967 971 3029 altis

138 3048 258 3124 contigit
280 3049 433 3125 oppetere!
462 3067 479 3109 o
502 3050 633 3111 Danaum
653 3051 810 3113 fortissime
832 3055 927 3131 gentis

137 3130 263 3211 Tydide!
285 3150 372 3193 mene
393 3131 487 3194 iliacis
508 3134 685 3195 occumbere
706 3137 816 3214 campis

138 3233 198 3274 non
216 3217 344 3294 potuisse
366 3224 473 3296 tuaque
495 3219 621 3279 animam
643 3220 720 3279 hanc
742 3221 893 3282 effundere
912 3220 1031 3292 dextra,

138 3317 240 3360 saevos
256 3300 308 3361 ubi
328 3301 471 3364 Aeacidae
491 3303 549 3364 telo
567 3305 642 3364 iacet
663 3303 787 3373 Hector,
811 3304 861 3366 ubi
882 3306 986 3381 ingens

139 3384 306 3463 Sarpedon,
340 3386 392 3446 ubi
412 3393 455 3447 tot
474 3388 580 3449 Simois
601 3395 737 3466 correpta
759 3387 813 3449 sub
836 3389 923 3448 undis
1104 3402 1163 3459 ιω

139 3475 221 3529 scuta
243 3471 338 3531 virum
359 3469 514 3552 galeasque
534 3471 666 3537 ettortia
688 3490 814 3554 corpora
835 3469 949 3532 volvitt'
1170 3478 1173 3485 '
