2400 3878
310 246 341 294 P.
358 245 500 294 vantium
522 245 676 295 Mauortis
699 246 887 296 asenario.
1042 248 1104 296 XXI

97 413 188 460 turum
203 419 263 460 csso
282 405 382 460 iactans
397 405 493 460 stricto
509 420 571 459 eum
588 403 678 477 gladio
700 405 736 460 ite
756 412 914 478 persecutus
937 414 991 468 est.
1013 412 1044 462 ut
1057 403 1104 462 ille

98 487 162 560 luga
177 487 290 543 salutem
306 504 386 560 aegre
400 480 572 559 inveniret¹).

179 570 277 626 lterum
292 572 378 644 igitur
392 570 519 644 expubus
534 571 688 646 perfugium
703 588 764 628 oum
775 573 840 637 suis,
857 573 936 628 etiam
952 589 1012 629 cum
1026 580 1103 645 patra

99 661 192 709 nactus
208 662 250 709 est
265 655 292 709 in
308 654 398 710 villula
414 670 482 727 quae
497 654 602 711 Sironis
616 655 679 712 olim
694 655 791 712 luerat.
824 654 869 712 ubi
885 664 912 711 et
927 660 1102 730 apipramma

97 736 169 810 quod
184 738 256 793 inter
271 738 397 794 catalecta
417 738 518 812 legitur
532 742 670 796 decimum
685 741 793 813 scripsit
808 748 836 795 et
857 741 983 813 ealopam
998 755 1104 795 nonam

97 827 182 876 ortem
197 837 256 876 esse
271 820 445 893 probabiliter
459 824 599 880 conicitur.
631 841 684 898 qua
699 825 821 879 iniuriam
838 821 888 879 sibi
903 822 1000 878 lactem
1016 823 1103 896 grevi-

96 911 138 959 ter
151 898 347 977 eonqoesuffl)
362 905 475 961 laudetis
491 908 570 962 etiam
590 915 743 981 poematum
765 906 931 980 quorundam
952 907 1049 980 partim
1070 922 1103 961 ex

96 986 233 1043 Theocriti
248 988 347 1062 idylliis
360 988 413 1060 (lll.
426 989 470 1061 xi)
485 1005 672 1064 expressorum
687 992 783 1065 partim
792 989 824 1045 ab
840 992 899 1064 ipso
914 992 942 1045 in
956 989 1101 1051 lautorum,

96 1069 156 1126 Veri
171 1071 275 1128 seilicet
289 1069 339 1144 (27
352 1068 422 1148 sqq.)
440 1082 468 1129 et
483 1073 618 1130 Octaviani
632 1072 771 1148 (46sqq.),
787 1075 919 1129 honorem
933 1075 1102 1130 inventorum

96 1154 227 1217 exordiis.
249 1163 279 1211 ut
300 1156 395 1230 lingitii
414 1158 442 1212 in
458 1164 544 1214 vatem
559 1174 574 1214 a
592 1157 741 1215 latronibus
757 1158 892 1214 commissi
911 1157 1026 1231 puderet
1040 1157 1103 1211 emi·

98 1258 297 1271 ———...

165 1298 185 1363 ¹)
205 1301 251 1351 Sic
279 1303 338 1354 fere
367 1311 399 1355 ut
426 1305 541 1355 confusa
561 1309 685 1356 veterum
710 1306 869 1357 testimonia
891 1305 1104 1356 conciliarentur

96 1367 172 1415 euasi
193 1367 223 1416 in
245 1369 366 1435 prolegg.
391 1374 415 1424 ’1.
453 1377 520 1422 ‘cuna
541 1375 716 1423 immunitatem
738 1389 856 1438 aaronem
881 1373 1003 1435 Virpilius
1024 1373 1101 1433 irnpe-

96 1439 200 1489 trasset.
222 1435 252 1483 lie
270 1443 309 1485 est
326 1445 420 1487 exorta
437 1440 469 1488 de
488 1439 579 1501 finibus
596 1441 663 1488 inter
680 1455 734 1489 eum
751 1447 776 1488 et
794 1455 851 1501 eas,
875 1441 918 1503 qui
938 1442 964 1486 in
984 1439 1102 1501 pro-'aimo

95 1513 172 1562 apros
190 1510 359 1566 acceperant,
378 1519 414 1553 aa
431 1505 519 1569 quibus
536 1505 663 1554 Clodius
681 1509 780 1570 quidam
797 1507 910 1554 uiatore
928 1519 1021 1554 omnem
1038 1506 1103 1553 litem

95 1572 281 1628 amputaturum
298 1570 436 1633 interfecto
458 1572 580 1636 Virpilio,
599 1587 669 1634 quem
684 1574 872 1635 poetastriato
888 1573 974 1636 plodio
991 1585 1019 1620 se
1036 1573 1103 1619 inse-

96 1639 211 1698 quentem
226 1636 294 1697 sapit
312 1639 338 1685 in
356 1637 486 1687 tabernam
497 1638 673 1688 carbonariam
690 1647 716 1687 et
732 1639 852 1702 beneficio
868 1639 994 1688 institoris
1006 1653 1041 1688 era
1051 1639 1103 1686 alia

94 1707 170 1763 parte
196 1703 299 1751 emissas
320 1711 436 1754 seruatus
459 1709 518 1754 est’
546 1703 658 1754 Servius
677 1705 727 1755 eol.
746 1705 786 1754 lX
804 1707 827 1758 1.
850 1704 1012 1754 Claudium
1033 1719 1102 1753 com·

94 1772 225 1821 memorat
248 1769 335 1821 schol.
354 1771 436 1820 Bern.
455 1771 491 1821 ad
514 1771 566 1821 ecl.
585 1771 626 1820 III
643 1773 675 1822 93
698 1776 727 1822 et
749 1772 779 1820 in
800 1775 962 1836 argumento
984 1771 1035 1821 eol.
1054 1771 1102 1833 IX,

94 1832 142 1882 ubi
168 1833 237 1884 haec
264 1835 402 1900 leganturt
432 1842 506 1889 ‘narn
527 1854 580 1887 eum
602 1837 707 1890 Claudio
730 1840 837 1904 quodam
858 1842 934 1888 milite
957 1854 1104 1890 communem

94 1915 181 1964 aprum
200 1904 362 1964 possidebat.
385 1921 402 1953 a
425 1922 473 1970 quo
493 1921 577 1969 paene
598 1905 688 1967 fuerat
710 1908 835 1964 occisuea’
855 1910 883 1956 et
905 1905 941 1955 ad
962 1920 988 1956 v.
1007 1908 1022 1955 2
1044 1905 1101 1954 biae

95 1968 219 2026 ‘aduram
239 1970 267 2019 id
283 1978 322 2020 est
335 1971 467 2031 Claudius,
487 1989 537 2022 non
548 1977 575 2022 ut
592 1973 637 2022 alii
652 1975 747 2023 Varum
757 1976 797 2022 aet
812 1974 917 2022 Arrium
934 1974 1103 2022 centurionem

94 2035 206 2084 dictant!v
230 2035 263 2086 dc
285 2038 418 2089 Milteno
445 2040 568 2091 Torone
590 2038 668 2090 loona
687 2045 729 2090 eet
746 2041 832 2090 Probi
848 2055 874 2104 p.
891 2042 907 2089 6
925 2041 958 2090 Κ.
978 2039 1035 2089 hic:

95 2104 248 2163 ‘promeruit
265 2112 292 2152 nt
309 2120 387 2170 apros
403 2122 463 2156 suos
479 2109 620 2170 reciperet,
645 2114 671 2156 et
693 2123 723 2157 eo
742 2108 815 2169 sacto
840 2109 1012 2157 concitaverat
1031 2107 1058 2155 in
1074 2121 1103 2155 ee

94 2175 228 2219 ueteranos
239 2172 319 2230 adeo,
338 2179 367 2222 ut
378 2189 395 2222 a
406 2173 513 2224 Milieno
528 2174 628 2224 Torone
638 2176 715 2238 primi
733 2176 793 2223 ilari
807 2189 891 2236 paene
903 2176 937 2223 sit
955 2173 1104 2237 intersectas

94 2236 144 2284 nusi
156 2235 279 2299 sopierat,
297 2245 324 2288 ut
341 2246 498 2289 contestatur
514 2242 570 2304 ipse
587 2257 641 2290 mam
658 2245 695 2291 ait
713 2191 985 2305 feel.1X14-1e].’
1008 2239 1103 2289 Arria

96 2303 262 2352 centurionis
273 2304 405 2370 impeturn
416 2307 516 2357 reduce
529 2309 615 2358 Rome
626 2308 750 2372 Vergilio
763 2309 867 2357 factum
880 2307 964 2370 fuleo,
982 2312 1014 2356 'ut
1025 2311 1101 2372 puto,

95 2374 190 2418 nutat
209 2369 320 2421 Servius
341 2373 371 2422 in
392 2375 480 2439 praef.
502 2375 592 2426 bucol.
610 2379 632 2424 ‘.
645 2411 671 2425 ..
690 2378 780 2424 meruit
796 2382 824 2424 ut
845 2391 933 2438 aprum
950 2390 1018 2423 suurn
1035 2376 1104 2424 solus

94 2437 232 2498 reciperet.
267 2442 303 2488 aa
320 2455 390 2503 quem
407 2443 581 2505 accipiendum
596 2443 728 2505 profectus
745 2443 776 2492 ab
789 2444 870 2491 Arrio
888 2443 1042 2496 centurione,
1060 2441 1103 2504 qui

95 2517 149 2550 eum
167 2504 281 2562 tenebat,
296 2521 380 2568 paene
392 2515 432 2556 est
442 2510 599 2566 interemtus,
618 2511 667 2557 nisi
677 2524 705 2557 se
716 2509 915 2572 praecipitasset
926 2512 952 2556 in
963 2508 1102 2555 Mineimn)

97 2567 132 2617 ci.
150 2567 224 2617 idem
242 2570 278 2619 ad
301 2572 352 2623 cel.
370 2573 412 2622 111
430 2575 464 2624 94
479 2573 521 2623 IX
539 2576 562 2623 1.
580 2577 621 2626 23.
657 2575 706 2624 aad
723 2575 760 2622 ad
782 2575 900 2638 priorem
919 2588 1011 2621 casum
1029 2585 1104 2637 epea·

96 2638 159 2683 tant
170 2648 240 2698 quae
250 2636 376 2687 Donatus
387 2639 415 2687 in
426 2639 512 2703 praef.
525 2639 614 2694 bucol.
626 2641 641 2700 ξ
651 2643 683 2690 63
693 2640 789 2689 habet:
809 2642 866 2689 ‘aad
878 2640 1005 2703 Varpib'ns
1014 2643 1102 2688 merito

94 2703 230 2750 amasinum
248 2702 334 2763 fretus
352 2711 377 2753 et
397 2708 507 2756 arniaitia
525 2709 680 2773 quorundam
699 2709 839 2770 potentium
864 2707 1006 2757 centurioni
1022 2705 1103 2755 Arrio

94 2782 149 2815 aum
171 2767 295 2820 obsistere
312 2787 388 2821 aramue
409 2780 488 2831 esset,
511 2776 553 2825 ille
575 2778 660 2823 rtatim
680 2780 708 2823 ut
729 2777 799 2823 miles
820 2775 856 2823 ad
874 2774 986 2834 cladium
1007 2788 1104 2822 manum

95 2835 215 2892 admitti.
237 2851 339 2902 memque
359 2853 388 2888 se
410 2841 437 2889 in
456 2842 545 2905 sapam
564 2843 736 2905 proripuisset
756 2848 850 2906 poeta,
876 2856 926 2890 non
950 2841 1024 2905 prius
1044 2843 1104 2900 finis

93 2904 264 2967 persequendi
279 2906 331 2967 suit
348 2922 420 2970 quam
431 2922 460 2957 se
476 2910 503 2957 in
518 2909 618 2973 fluuium
634 2910 761 2972 Verpilius
773 2910 923 2958 coniecisset
934 2915 1010 2972 atque
1022 2911 1059 2956 ita
1076 2909 1103 2955 in

95 2970 200 3018 aiteram
216 2971 299 3033 ripam
316 2976 492 3026 enataoiaret)
529 2976 600 3039 quod
618 2975 735 3026 absurde
754 2975 851 3024 dicunt
876 2974 1104 3039 perallegoriam

96 3034 175 3099 tangi
193 3037 243 3088 ecl.
261 3039 303 3087 111
321 3042 354 3090 94
374 3056 414 3105 eq.
449 3043 572 3093 breviter
589 3043 649 3092 eine
672 3043 728 3092 ullo
746 3044 855 3092 nomine
876 3045 905 3090 in
922 3043 981 3090 vita
998 3041 1103 3091 Donati

94 3117 120 3167 p.
141 3105 189 3165 69,
212 3106 277 3156 bR.
301 3109 374 3171 ‘qui’
399 3107 568 3173 (Maecenas)
592 3109 658 3159 ‘eibi
680 3149 687 3163 .
708 3146 714 3160 .
734 3147 740 3159 .
765 3125 837 3173 apem
861 3111 959 3158 tulisset
979 3110 1102 3157 adamans

93 3171 208 3218 ueterani
228 3173 357 3222 amandam
377 3177 530 3234 uiolentiam,
558 3193 575 3226 a
597 3192 645 3241 quo
671 3178 698 3225 in
720 3177 886 3226 altereatione
909 3178 960 3224 litis
980 3175 1102 3238 aurariae

95 3235 156 3296 (om.
174 3238 257 3291 Bern.
268 3240 342 3304 Par.)
358 3246 460 3304 paulum
471 3244 537 3306 asna
548 3245 608 3307 quin
619 3245 779 3293 occideretur
784 3241 803 3298 ‚·'
821 3241 930 3293 Phocus
943 3256 969 3292 v.
981 3244 1012 3291 81
1027 3254 1101 3305 sqq.=

96 3303 160 3381 ‘tara
180 3304 259 3355 Maro
278 3309 367 3370 pulsus
389 3316 463 3358 mat:
483 3313 536 3376 ‚aed
556 3310 650 3359 uiribus
672 3310 757 3399 pbuius
779 3309 833 3358 ibat
854 3309 947 3358 Fretas
968 3308 1101 3357 amicornm

101 3371 188 3499 mg),
201 3386 359 3491 {²125ssssss
374 3377 575 3507 ffifflgflulle
586 3384 812 3508 perprpsseeffipiapfi
823 3441 976 3506 Vergilium
993 3437 1101 3489 intelle·

95 3503 213 3570 gendam
230 3521 291 3558 cesa
310 3508 498 3572 Quintilianus
516 3524 624 3574 quoque
644 3509 711 3561 VIII
728 3511 758 3574 6,
774 3510 808 3560 47
828 3509 918 3561 docet.
