2400 3878
138 172 200 235 210
471 183 617 232 vnnomr
642 183 766 232 annuns
782 184 818 230 vr

139 340 313 420 quaeregio
335 338 496 407 Anchisen,
520 340 583 416 quis
603 337 691 399 habet
711 336 812 399 locust
835 337 909 399 illius
931 358 1024 420 ergo·

139 427 270 486 venimus
292 431 321 484 et
342 441 464 501 magnos
485 422 575 482 Erebi
594 423 806 483 transnavimus
823 422 940 484 amnis!

139 517 225 587 atque
243 507 291 568 hic
312 525 486 584 responsum
508 508 609 584 paucis
630 509 666 566 ita
687 506 813 567 reddidit
831 507 934 568 beros:

140 591 225 652 ‘nulli
248 602 327 651 certa
348 592 467 659 domus;
489 590 561 651 luris
579 591 743 650 habitamus
765 592 864 668 opacis

139 678 328 754 riparumque
345 682 426 735 toros
449 684 477 735 et
498 683 579 753 prata
604 677 732 735 recentia
755 675 823 736 rivis

138 759 301 820 incolimus.
345 758 396 820 sed
410 777 474 829 ros,
498 761 521 819 si
543 760 657 819 sortita
678 757 935 827 cordevoluntas,

140 844 196 904 hoc
217 850 353 922 superate
373 845 488 921 iugum,
511 852 539 903 et
562 841 637 903 facili
659 844 715 902 iam
737 844 853 904 tramite
875 843 1001 905 sistam.’

139 928 209 988 dixit
230 937 259 987 et
275 935 341 987 ante
364 926 428 986 tulit
447 944 580 1003 gressum
605 945 783 1005 camposque
803 928 921 986 nitentis

139 1011 265 1088 desuper
288 1018 426 1077 ostentat;
456 1010 561 1071 debinc
583 1029 696 1071 summa
718 1012 868 1073 cacumina
890 1011 1033 1091 linquont.

180 1096 215 1154 dt
237 1103 321 1172 pater
337 1095 477 1155 Anchises
499 1096 615 1174 penitus
642 1094 772 1155 convalle
795 1095 898 1155 virenti

138 1178 264 1239 inclusas
285 1180 396 1238 animas
416 1196 615 1258 superumque
637 1179 673 1238 ad
695 1178 794 1239 lumen
811 1181 900 1239 ituras

138 1261 280 1323 lustrabat
301 1262 395 1321 studio
416 1262 563 1332 recolens,
585 1281 761 1341 omnemque
779 1281 900 1323 suorum

139 1347 214 1407 forte
232 1345 404 1407 recensebat
426 1364 581 1408 numerum
603 1365 746 1425 carosque
767 1355 889 1426 nepotes

139 1432 253 1510 lataque
272 1431 462 1509 fortunasque
482 1433 575 1492 virum
596 1449 751 1510 moresque
773 1449 944 1510 manusque.

138 1516 220 1595 isque
242 1514 293 1576 ubi
315 1515 484 1576 tendentem
504 1517 657 1576 adversum
677 1533 731 1592 per
753 1517 885 1594 gramina
906 1517 976 1578 vidit

137 1600 271 1670 Aenean,
295 1598 397 1660 alacris
419 1599 531 1679 palmas
552 1608 693 1678 utrasque
714 1600 849 1668 tetendit,

138 1684 304 1761 eilusaeque
327 1686 410 1760 genis
431 1684 569 1744 lacrimae
591 1692 620 1744 et
640 1702 696 1743 vox
719 1684 824 1744 excidit
844 1702 912 1745 ore:

151 1768 253 1826 vertisti
274 1767 408 1835 tandem,
431 1775 540 1845 tuaque
563 1775 711 1846 expectata
734 1770 847 1846 parenti

136 1851 204 1910 vicit
223 1851 278 1912 iter
298 1852 404 1910 durum
425 1853 533 1928 pietas?
553 1852 638 1912 datur
663 1870 714 1912 ora
735 1853 826 1920 tueri,

136 1941 218 2003 nate,
240 1941 289 1994 tua
310 1944 339 1994 et
357 1942 440 1995 notas
459 1935 560 1996 axidtre
582 1945 610 1996 et
633 1936 759 1998 reddere
779 1935 884 1994 voces?

136 2020 178 2079 sic
199 2018 332 2096 equidem
353 2018 495 2078 ducebam
516 2022 612 2080 animo
632 2021 778 2100 rebarque
800 2018 930 2079 fratruum

135 2110 269 2180 tempora
292 2102 494 2173 dinumerans,
518 2123 573 2166 nec
594 2124 641 2166 me
659 2122 724 2165 mea
746 2122 816 2165 cura
836 2102 945 2163 lelellit.

136 2204 208 2264 quas
231 2205 285 2264 ego
308 2195 337 2247 te
359 2199 453 2248 terras
475 2195 504 2250 et
525 2197 631 2267 quanta
652 2206 706 2266 per
724 2203 852 2266 aequora
871 2195 989 2248 vectum

136 2273 260 2348 accipio,
282 2275 396 2350 quantis
418 2273 569 2342 iactatum,
593 2281 674 2342 nate,
697 2272 827 2351 periclis!

137 2373 224 2434 quam
246 2357 352 2424 metui,
377 2358 503 2435 nequid
525 2357 632 2438 Libyae
653 2357 705 2417 tihi
724 2374 816 2434 regna
838 2354 1008 2416 nocerentl'

136 2438 184 2500 ille
206 2449 304 2500 autem
321 2447 389 2501 ‘tua
411 2459 474 2511 me,
498 2443 626 2519 genitor,
647 2448 697 2501 tua
720 2442 810 2502 tristis
830 2441 926 2517 imago

135 2525 250 2601 saepius
276 2543 435 2585 occurrens
456 2526 529 2587 haec
550 2525 648 2586 limina
668 2526 790 2586 tendere
812 2525 926 2602 adegit3

135 2615 212 2668 stant
234 2607 294 2669 sale
315 2609 469 2690 Tyrrheno
494 2610 609 2671 classes.
654 2609 690 2669 da
712 2612 835 2688 iungere
855 2608 1008 2679 dextram,

135 2692 187 2762 da,
211 2694 340 2770 genitor,
360 2702 449 2773 teque
473 2695 609 2773 amplexu
631 2713 669 2756 ne
689 2693 828 2755 subtrahe
846 2692 974 2752 nostro'

135 2777 177 2836 sic
199 2794 366 2836 memorans
387 2779 468 2856 largo
491 2779 560 2839 lietu
583 2778 739 2839 simulcra
762 2777 884 2855 rigabat.

134 2870 178 2920 ter
202 2868 322 2919 conatus
342 2861 381 2920 ibi
402 2862 477 2922 eollo
500 2862 571 2923 dare
590 2863 726 2923 bracchia
750 2864 874 2929 circum,

134 2952 179 3002 ter
203 2941 309 3002 trustra
331 2961 502 3021 comprensa
523 2963 628 3024 manus
650 2949 751 3023 eilugit
768 2948 873 3023 imago.

136 3027 203 3108 [par
225 3024 335 3086 levibus
350 3029 442 3087 ventis
463 3027 632 3107 volucrique
654 3031 795 3090 simillima
819 3025 949 3110 somno]

175 3109 290 3171 Interea
312 3109 388 3171 videt
409 3112 522 3172 Aeneas
544 3114 573 3173 in
594 3112 668 3174 valle
687 3115 809 3175 reducta

134 3193 281 3257 seclusum
301 3212 406 3256 nemus
428 3204 457 3257 et
478 3196 602 3276 virgulta
624 3201 755 3259 sonantia
774 3199 862 3259 silvae

134 3280 353 3358 Lethaenmque
376 3281 478 3341 domos
497 3281 625 3360 placidas
647 3283 696 3361 qui
715 3288 867 3360 praenotat
886 3298 1016 3344 amnem.

133 3365 213 3426 hunc
233 3365 342 3424 circum
363 3365 533 3427 innumerae
553 3373 653 3444 gentes
675 3367 833 3446 populique
854 3364 1009 3435 volabant;

134 3466 168 3510 ac
189 3448 268 3510 velut
289 3449 318 3508 in
339 3451 429 3528 pratis
450 3451 500 3511 ubi
521 3469 589 3529 apes
609 3461 717 3512 aestate
735 3469 838 3513 serena
