2400 3878
152 210 214 272 302
492 222 635 269 vnuomr
652 221 776 270 nnuma
793 223 816 268 x

151 396 219 440 aere
241 395 341 438 cavom
362 376 475 456 triplici,
496 394 549 454 per
567 375 643 438 bnea
664 385 745 454 terga
765 375 917 454 tribusque

151 461 253 522 transit
274 463 417 522 intextum
438 461 529 522 tauris
551 478 626 539 opus
643 461 760 540 imaque
781 460 856 521 sedit

151 545 277 622 inguine,
300 544 352 605 sed
372 546 440 605 viris
462 544 533 605 haut
554 543 682 623 pertulit.
718 545 800 606 oclus
821 562 920 606 ensem

151 630 271 698 deneas,
292 630 352 688 viso
372 628 517 706 Tyrrhenl
535 629 675 706 sanguine
696 626 797 698 laetus,

151 713 236 788 eripit
256 731 273 772 a
295 713 402 772 lemine
424 719 453 772 et
472 711 628 789 trepidanti
648 711 776 772 fervidus
794 712 889 771 instat.

151 797 292 872 ingemuit
312 798 372 856 cari
391 796 517 873 graviter
539 795 677 873 genitoris
698 812 808 865 amore,

152 886 183 940 ut
202 878 279 949 vidit,
303 879 424 948 husus,
448 876 643 958 lacrimaeque
664 896 717 956 per
740 895 791 939 ora
812 877 936 940 volutae.

151 962 200 1022 hic
222 964 324 1022 mortis
347 960 439 1023 durae
461 980 560 1023 casum
583 970 691 1040 tuaque
709 963 817 1041 optima
840 963 924 1033 lacta,

151 1047 233 1124 siqua
254 1046 341 1106 fldem
363 1054 471 1106 tantost
491 1047 575 1124 operi
594 1044 689 1106 latura
714 1053 851 1117 vetustas,

153 1148 210 1191 non
233 1128 368 1206 equidem
390 1147 445 1189 nec
465 1136 504 1201 te,
528 1131 638 1191 iuvenis
659 1129 857 1199 memorande,
880 1129 981 1192 silebo.

150 1211 198 1274 ille
219 1211 324 1290 pedem
346 1211 478 1273 reserent
500 1220 529 1274 et
548 1212 657 1274 inutilis
678 1214 766 1292 inque
785 1213 892 1292 ligatus

151 1294 274 1358 cedebat
295 1295 445 1374 clipeoque
466 1297 617 1358 inimicum
639 1295 742 1357 hastile
762 1296 912 1358 trahebat:

150 1381 286 1459 prorupit
307 1381 418 1441 invenis
438 1397 562 1457 seseque
584 1380 730 1441 inmiscuit
751 1382 840 1441 mmis

151 1467 266 1543 iamque
285 1465 468 1542 adsurgentis
490 1465 592 1525 dextra
614 1464 788 1544 plagamque
809 1464 929 1525 ferentis

151 1552 265 1610 Aeneae
285 1548 373 1609 subiit
393 1566 566 1610 mucronem
586 1549 742 1628 ipsumque
761 1547 902 1609 morando

150 1632 293 1694 sustinuit.
326 1634 396 1694 socii
417 1651 524 1711 magno
547 1631 675 1694 clamore
694 1639 842 1704 secuntur,

152 1717 222 1777 dum
244 1716 357 1793 genitor
379 1718 438 1777 nati
458 1734 560 1794 parma
581 1723 731 1794 protectus
752 1716 854 1785 abiret,

152 1799 265 1877 telaque
284 1801 431 1861 coniciunt
452 1798 685 1876 proturbantque
707 1800 820 1860 eminus
838 1800 951 1861 hostem

96 1930 105 1940 ,
151 1881 317 1943 missilibus.
347 1884 418 1942 lurit
440 1885 553 1943 Aeneas
574 1889 725 1960 tectusque
747 1889 826 1943 tenet
848 1901 888 1943 se.

151 1984 184 2027 ac
203 1964 282 2025 velut
303 1966 393 2026 silusa
414 1964 555 2045 siquando
577 1965 719 2044 pandlne
737 1965 827 2024 nimbi

152 2050 351 2127 praecipitant,
375 2046 601 2129 omnis[rnmpis
624 2048 737 2127 diffugit
762 2057 858 2109 arator

151 2133 246 2193 omnls
269 2142 298 2193 et
319 2131 445 2211 agricola
463 2134 502 2218 et]
511 2138 572 2192 tnta
592 2130 661 2193 latet
680 2149 748 2194 arce
771 2133 870 2200 viator,

150 2224 200 2278 unt
220 2218 314 2277 amnis
336 2216 408 2295 ripis
431 2225 480 2277 aut
500 2214 551 2276 alti
574 2216 685 2277 fornice
707 2217 779 2287 saal,

150 2300 220 2361 dum
242 2299 332 2377 pluvit
352 2301 382 2361 in
400 2301 496 2369 terris,
520 2304 552 2360 ut
571 2302 684 2379 possint
703 2298 764 2360 sule
785 2301 907 2361 reducto

150 2401 290 2447 exercere
311 2383 403 2445 dienm
426 2384 469 2445 sic
490 2382 614 2444 obrutus
634 2383 763 2463 undique
784 2384 849 2445 telis

150 2471 262 2530 deneas
283 2468 393 2530 nubem
414 2466 492 2539 belli,
515 2467 585 2529 dum
607 2467 724 2529 detonet
746 2470 850 2539 omnis,

150 2554 272 2614 sustinet
290 2559 319 2613 et
339 2552 466 2614 Lausum
487 2553 642 2632 increpitat
660 2546 813 2633 Lausique
835 2555 975 2613 minatur:

151 2649 225 2715 ‘quo
247 2638 389 2698 moriture
411 2638 474 2698 ruis
494 2636 662 2714 maioraque
683 2635 793 2698 viribus
815 2636 922 2698 audes?
1075 2648 1078 2653 ’

150 2719 222 2782 lallit
239 2730 267 2781 te
288 2722 439 2782 incautum
458 2722 551 2801 pietas
572 2718 641 2781 tua!
676 2738 732 2780 nec
753 2722 850 2781 minus
870 2717 918 2780 ille

150 2803 259 2864 exultat
277 2804 414 2872 demens;
437 2822 540 2866 saevae
558 2806 674 2881 lamque
693 2804 779 2865 altius
801 2805 862 2864 irae

149 2886 293 2947 Dardanio
316 2897 442 2965 surgunt
464 2887 587 2957 ductori,
611 2893 799 2965 extremaque
819 2886 913 2946 Lauso

149 2985 255 3045 parcae
274 2969 323 3029 llla
344 2968 459 3046 legunt:
482 2969 607 3029 validum
630 2987 756 3049 namque
779 2968 867 3046 exigit
888 2985 987 3029 ensem

149 3068 202 3129 per
224 3052 353 3113 medium
376 3051 489 3114 deneas
510 3054 645 3114 iuvenem
669 3058 819 3129 totumque
838 3051 978 3112 recondit.

150 3133 274 3196 transilit
294 3144 323 3196 et
339 3152 472 3214 parmam
494 3154 607 3206 mucro,
630 3133 704 3196 levia
724 3151 806 3194 arma
826 3135 957 3201 minacis,

149 3227 178 3280 et
198 3219 336 3291 tunicam,
357 3216 437 3280 molli
452 3226 546 3280 mater
569 3237 657 3298 mam
675 3224 794 3280 neverat
815 3236 897 3289 auro,

149 3302 338 3381 implevitque
359 3304 455 3364 sinum
478 3304 609 3381 sanguim
632 3309 694 3363 tum
716 3302 773 3361 vita
793 3319 848 3380 per
870 3320 953 3363 auras
1004 3299 1007 3306 '

149 3386 293 3448 concessit
313 3398 422 3449 maesta
442 3387 478 3448 ad
499 3388 595 3447 manis
617 3402 783 3464 corpusque
803 3384 929 3464 reliquit.

150 3473 179 3530 at
201 3487 270 3531 vero
293 3479 325 3531 ut
347 3470 455 3531 voltum
480 3470 548 3531 vidit
566 3469 717 3530 morientis
739 3475 768 3530 et
789 3487 850 3540 ora,
