2400 3878
153 192 192 251 30
451 201 594 249 vnnomr
616 201 817 250 ononmcou
841 204 852 249 1

151 374 220 418 area
242 373 309 416 cum
330 356 432 434 primis
453 355 563 433 ingenti
585 355 734 434 aequanda
758 353 887 434 cylindro

151 449 180 501 et
200 439 337 500 vertenda
360 456 449 498 manu
471 446 500 498 et
522 445 601 499 creta
623 438 771 499 solidanda
794 441 899 508 tenaci,

151 542 189 583 ne
210 522 335 583 subeant
355 522 466 583 herbae
488 541 545 581 neu
567 521 687 599 pulvere
709 524 781 582 victa
804 523 924 590 fatiscat,
1115 538 1165 592 ια)

150 613 213 666 tum
234 609 332 667 variae
354 605 485 666 inludant
507 613 618 683 pestes:
641 624 728 682 saepe
751 608 873 682 exiguus
895 625 960 666 mus

150 689 205 750 sub
226 691 315 749 terris
337 691 492 767 posuitque
514 688 616 748 domos
638 697 725 766 atque
748 689 854 750 horrea
877 690 954 759 lecit,

151 780 200 833 aut
222 771 313 832 oculis
336 775 412 849 capti
435 772 536 832 lodere
558 771 663 832 cubiba
685 771 789 849 talpae,

150 860 340 934 inventusque
364 857 440 915 cavis
461 854 532 915 bulo
555 862 584 915 et
605 874 679 933 quae
701 854 826 932 plurima
848 862 944 916 terrae

150 947 280 999 monstra
303 939 414 1007 lerunt,
438 937 617 1017 populatque
638 940 785 1017 ingentem
807 940 893 1000 larris
912 958 1049 1000 acervom
1109 953 1164 1008 185

150 1021 280 1082 curculio
302 1028 388 1100 atque
410 1023 489 1100 inopi
511 1030 643 1083 metuens
664 1023 785 1083 formica
808 1033 951 1084 senectae.

151 1105 361 1184 contemplator
383 1107 467 1174 item,
493 1124 559 1166 cum
586 1125 644 1166 uua
666 1125 697 1164 se
716 1106 842 1183 plurima
864 1107 941 1167 silvis

149 1188 251 1249 induet
272 1189 302 1247 in
324 1189 428 1249 liorem
451 1196 480 1250 et
500 1207 598 1249 ramos
620 1189 752 1249 curvabit
775 1190 887 1250 olentis.

150 1273 174 1332 si
196 1279 336 1350 superant
357 1273 447 1341 letus,
470 1273 581 1349 pariter
603 1273 750 1333 frumenta
772 1282 940 1352 sequentur,

151 1373 312 1434 magnaque
335 1374 402 1416 curn
424 1373 531 1433 magno
554 1357 649 1415 veniet
670 1358 771 1416 tritura
796 1357 908 1425 calore;
1110 1369 1165 1423 190

150 1445 179 1498 at
200 1440 225 1498 si
245 1439 361 1500 luxuria
384 1439 521 1500 loliorum
544 1440 685 1501 exuberat
706 1440 820 1510 umbra,

122 1524 326 1618 nequiquam
348 1524 463 1601 pinguis
485 1523 568 1602 palea
590 1531 666 1585 teret
688 1543 755 1585 area
779 1523 898 1585 culmos.

122 1596 259 1666 semina
281 1607 338 1667 vidi
361 1608 495 1704 equidem
518 1608 624 1668 multos
646 1610 792 1668 medicare
815 1625 899 1667 seren
901 1615 953 1676 t,es

151 1690 278 1748 etnitro
300 1691 382 1766 prius
405 1699 433 1749 et
455 1692 538 1766 nigra
560 1692 737 1767 perfundere
760 1709 887 1757 amurca,

150 1771 289 1848 grandior
311 1780 343 1832 ut
364 1771 440 1832 letus
462 1770 572 1849 siliquis
594 1772 744 1832 fallacibus
766 1778 850 1838 esset,

150 1860 178 1913 et
200 1855 332 1931 quamvis
352 1855 412 1931 igni
434 1856 540 1930 exiguo
561 1862 719 1931 properata
740 1854 900 1913 maderent.

150 1936 207 1995 vidi
228 1936 303 1997 lecta
326 1936 375 1997 diu
398 1945 426 1997 et
448 1935 539 1996 multo
562 1943 690 2013 spectata
712 1935 812 1996 labore

150 2019 331 2097 degenerare
353 2027 464 2090 tamen,
487 2021 518 2078 ni
540 2021 580 2079 vis
602 2020 730 2079 bumana
753 2020 907 2097 quotannis

149 2104 274 2163 maxima
297 2122 432 2182 quaeque
453 2121 541 2163 manu
563 2101 683 2179 legeret.
721 2103 763 2162 sic
785 2103 881 2161 omnia
905 2102 970 2162 latis

150 2187 180 2244 in
203 2189 286 2263 peius
307 2205 396 2247 ruere
417 2204 452 2247 ac
473 2193 554 2246 retro
577 2185 713 2264 sublapsa
735 2186 850 2254 referri,

149 2286 208 2328 non
230 2269 313 2329 aliter
335 2288 422 2347 quam
445 2271 494 2367 qui
516 2270 637 2330 adverso
660 2271 706 2329 vix
728 2269 847 2330 llumine
868 2268 998 2330 lembum

149 2353 277 2429 remigiis
298 2354 423 2432 subigit,
450 2355 475 2413 si
497 2353 634 2413 bracchia
656 2353 731 2413 forte
752 2354 873 2423 remisit,

103 2441 237 2517 atque
258 2435 339 2495 illum
360 2454 503 2514 praeceps
525 2455 618 2514 prono
640 2439 716 2514 rapit
738 2435 837 2497 alveus
859 2439 945 2498 amni.

190 2519 347 2580 Praeterea
370 2527 428 2581 tam
450 2527 518 2580 sunt
540 2521 648 2581 arcturi
669 2521 765 2581 sidera
787 2521 872 2581 nobis

149 2603 369 2681 haedorumque
392 2604 453 2665 dies
475 2604 660 2664 servandiet
680 2603 795 2666 lucidus
817 2606 928 2682 anguis,
1104 2615 1159 2671 205

150 2705 238 2765 quam
260 2686 395 2765 quibus
387 2707 417 2747 ιιι
439 2690 563 2765 patriam
585 2697 702 2749 ventosa
724 2706 778 2766 per
800 2705 928 2766 aequora
949 2685 1036 2746 vectis

149 2777 255 2845 pontus
277 2776 305 2829 et
327 2771 454 2830 ostriferi
476 2771 575 2831 lauces
596 2779 776 2849 temptantur
797 2771 899 2850 Abydi.

149 2850 223 2911 libra
246 2851 292 2911 dle
313 2854 466 2930 somnique
487 2871 574 2931 pares
595 2855 645 2914 ubi
667 2855 768 2916 lecerit
789 2855 885 2921 horas,

150 2940 179 2992 et
199 2934 327 2994 medium
349 2935 406 2995 luci
429 2943 516 3014 atque
537 2937 649 2998 umbris
670 2938 727 2998 iam
749 2936 846 2997 dividit
868 2932 986 2994 orbem:

150 3024 298 3086 exercete,
322 3019 389 3088 viri,
411 3027 528 3090 tauros,
551 3024 638 3081 serite
659 3020 769 3079 hordea
791 3019 899 3096 campis
1103 3030 1158 3084 210

150 3118 242 3177 usque
264 3099 317 3161 sub
341 3109 504 3164 extremum
525 3103 648 3164 brumae
668 3100 857 3161 intractabilis
878 3100 1018 3167 imbrem;

149 3200 203 3244 nec
225 3202 284 3243 non
306 3191 335 3245 et
356 3184 407 3246 lini
429 3195 557 3264 segetem
580 3196 609 3247 et
630 3184 748 3245 Cereale
769 3201 895 3261 papaver

150 3274 264 3345 tempus
285 3269 374 3328 humo
397 3280 497 3348 tegere
520 3278 548 3330 et
568 3268 725 3329 iandudnm
747 3267 919 3328 incumbere
940 3273 1052 3336 aratris,

149 3350 219 3411 dum
240 3353 316 3412 sicca
338 3353 442 3414 tellure
463 3355 544 3422 licet,
568 3354 636 3413 dum
658 3350 757 3410 nubila
779 3352 915 3428 pendent.

149 3452 216 3494 vere
238 3435 311 3495 labis
332 3438 418 3505 satio;
447 3445 510 3498 tum
530 3442 560 3497 te
582 3453 711 3515 quoque,
735 3435 861 3506 medica,
884 3444 985 3516 putres
1100 3447 1155 3501 215
