2400 3878
126 236 188 299 1112
456 247 600 296 vunnim
615 247 740 295 sunnis
759 248 795 295 m

126 402 175 464 hic
196 413 306 463 matres
327 403 509 481 miseraeque
532 420 633 471 nurus,
656 401 704 462 hic
724 420 792 462 cara
815 420 952 463 sororum

127 494 247 566 pectora
269 493 452 546 maerentum
475 488 616 563 puerique
637 485 808 563 parentibus
829 485 894 547 orbi

127 569 224 630 dirum
247 578 422 630 execrantur
444 568 553 629 bellum
573 568 724 647 Turnique
746 571 936 648 hymenaeos:

126 654 222 732 lpsum
245 655 334 713 armis
357 655 511 731 ipsumque
532 651 634 712 iubent
655 652 815 714 decernere
837 653 927 722 ferro,

127 737 177 816 qui
198 752 322 812 reguum
344 735 441 796 italiae
459 745 488 795 et
509 737 620 815 primos
641 735 696 796 sibi
715 744 816 813 poseat
837 735 974 798 honores.

126 821 256 898 ingravat
275 819 348 880 haec
369 838 470 880 saeros
488 820 617 880 Drances
638 819 791 902 solumque
812 820 910 880 vocari

126 910 257 972 testatur,
281 902 376 963 solum
396 905 478 980 posci
500 905 529 963 in
551 904 709 962 certamina
730 903 872 964 Turnum.

130 985 218 1046 multa
240 985 326 1046 simul
349 996 451 1047 contra
474 987 560 1046 variis
582 988 724 1047 sententia
746 987 830 1047 dictis

128 1088 181 1148 pro
204 1069 314 1139 Turno,
337 1079 365 1130 et
388 1087 526 1146 magnum
552 1072 670 1145 reginae
692 1087 800 1130 nomen
823 1069 988 1139 obumbrat,

128 1152 216 1213 multa
239 1154 334 1213 virum
354 1154 465 1214 meritis
484 1161 627 1213 sustentat
645 1153 720 1213 lama
739 1156 875 1231 tropaeis.

169 1236 228 1296 lios
248 1237 323 1296 inter
345 1245 450 1305 motus,
473 1237 568 1296 medio
590 1238 620 1296 in
642 1237 784 1313 flagrante
804 1236 940 1308 tumultu,

128 1337 196 1380 ecce
218 1337 308 1398 super
328 1321 431 1380 maesti
452 1336 558 1397 magna
579 1319 726 1381 Diomedis
747 1321 783 1381 ab
806 1322 881 1382 urbe

129 1402 215 1479 iegati
237 1421 379 1481 responsa
399 1404 515 1464 ierunt:
537 1402 768 1465 nihilomninus
790 1413 887 1466 actum

126 1494 273 1547 tantorum
290 1489 418 1566 inpensis
440 1505 573 1566 operum,
596 1487 636 1548 nii
658 1488 734 1549 dona
755 1506 851 1568 neque
875 1506 979 1549 aurum

127 1588 181 1630 nec
202 1588 321 1649 magnas
340 1571 463 1632 valuisse
483 1590 595 1650 preces,
618 1569 673 1632 alia
691 1590 772 1632 arma
795 1573 903 1633 Latinis

126 1655 293 1730 quaerenda
311 1663 361 1715 aut
377 1673 479 1733 pacem
501 1655 627 1715 Troiano
650 1656 686 1716 ab
709 1672 780 1733 rege
801 1656 969 1734 petendum.

127 1737 224 1797 deficit
244 1740 355 1815 ingenti
376 1737 457 1799 luctu
479 1757 531 1798 rex
553 1739 617 1817 ipse
641 1739 770 1800 Latinus.

127 1819 241 1880 fatalem
262 1821 380 1881 Aenean
401 1821 553 1881 manifesto
575 1823 694 1881 numine
715 1822 787 1883 ferri

126 1902 262 1963 admonet
283 1904 326 1962 ira
346 1903 434 1964 deum
454 1902 616 1982 tumulique
639 1916 706 1964 ante
724 1922 776 1964 ora
798 1912 941 1966 recentes.

126 2002 197 2062 ergo
216 1985 371 2046 concilium
392 2004 531 2064 magnum
553 1989 722 2067 primosque
741 2005 862 2048 suerum

126 2070 248 2147 imperio
270 2071 377 2130 accitos
399 2068 456 2129 alta
476 2071 553 2130 intra
574 2071 674 2133 iimina
696 2073 782 2147 cogit.

126 2151 175 2212 olli
197 2169 361 2214 convenere
380 2152 532 2231 fluuntque
554 2155 590 2213 ad
610 2155 692 2232 regia
712 2153 806 2234 plenis

125 2244 199 2297 tecta
218 2237 280 2297 riis.
313 2237 394 2297 sedet
412 2238 444 2296 in
465 2237 567 2298 mediis
587 2246 616 2298 et
637 2239 780 2299 maximus
801 2257 871 2301 acro

125 2326 154 2381 et
174 2322 287 2398 primus
304 2321 428 2401 sceptris
445 2320 516 2382 haut
535 2320 608 2382 laeta
630 2321 727 2384 ironte
746 2323 874 2383 Latinus.

126 2411 212 2482 atque
231 2404 278 2464 hic
297 2402 407 2483 legatos
429 2404 530 2466 torota
552 2424 588 2466 ex
609 2405 685 2468 urbe
706 2408 855 2476 remissos,

126 2506 199 2568 quae
220 2487 361 2564 reserent,
384 2489 440 2550 1111
461 2488 543 2550 iubet
564 2497 593 2551 et
616 2508 758 2570 responsa
779 2492 908 2570 reposcit

127 2572 227 2633 ordine
250 2582 354 2634 cuncta
373 2590 436 2635 suo.
469 2583 532 2635 tum
555 2574 631 2636 iacta
650 2573 763 2636 silentia
784 2574 899 2654 linguis,

127 2667 154 2715 et
174 2655 302 2718 Venulus
320 2657 398 2719 dicto
418 2675 526 2736 parens
545 2659 584 2719 ita
603 2659 694 2719 isrier
711 2660 788 2720 iniit:

167 2739 321 2810 ‘Vidimus
345 2759 363 2801 e
386 2742 471 2812 cives,
494 2741 636 2803 Diomede
655 2744 818 2821 Argivaque
841 2749 934 2803 castra

125 2830 211 2900 atque
233 2825 289 2883 iter
308 2825 419 2885 emensi
440 2843 526 2886 cssus
545 2825 746 2904 superavimus
768 2828 864 2887 omnis

124 2906 358 2985 contigimusque
379 2924 588 2985 manumque
612 2908 738 2968 concidit
759 2906 810 2967 llia
831 2907 924 2968 telius.

124 2987 171 3049 ille
193 2987 297 3048 urbem
318 2989 491 3066 Argyripam
511 2991 623 3067 patriae
644 2991 819 3066 cognomine
841 2992 934 3085 gentis

125 3072 216 3132 victor
238 3072 364 3149 Gargani
382 3070 527 3132 condebat
546 3072 660 3151 Iapygis
680 3074 768 3149 agris.

124 3162 279 3234 postquam
299 3155 473 3231 introgressi
496 3164 524 3216 et
546 3172 645 3215 coram
668 3155 735 3216 data
757 3156 841 3234 copia
862 3157 950 3227 laudi,

124 3255 246 3299 munera
267 3237 471 3318 praeferimus,
494 3256 602 3300 nomen
623 3240 806 3318 patriamque
827 3238 975 3312 docemus,

124 3323 175 3401 qui
196 3320 305 3382 beilum
326 3322 485 3391 intulerint,
509 3341 584 3401 quae
607 3341 694 3384 causa
716 3324 866 3385 attraxerit
887 3328 981 3403 Arpos
1079 3334 1135 3386 tuo

124 3404 229 3465 auditis
249 3405 299 3466 iile
316 3405 389 3467 haec
412 3405 527 3485 placido
548 3408 590 3467 sic
609 3406 734 3467 reddidit
755 3425 823 3468 ore:

125 3496 169 3545 uo
191 3487 355 3549 fortunatae
378 3496 488 3568 gentes,
511 3490 647 3550 Saturnia
669 3507 769 3566 regna.
