2400 3878
560 213 659 262 cirus.
1044 199 1104 266 att

99 367 153 432 sed
175 377 274 430 tamen
287 374 439 428 aeternam
454 367 582 446 squamis
604 368 711 427 vestire
732 367 859 446 puellam

98 453 263 532 infidosque
284 455 363 513 inter
385 459 518 511 teneram
541 452 726 510 committere
747 452 843 531 pisces
1057 461 1107 514 485

99 555 161 598 non
182 538 282 597 statuit
303 536 436 612 (nimium
459 543 503 595 est
524 533 639 593 avidum
662 552 753 613 pecus
774 536 989 616 Amphitriten:

99 622 188 681 aeriis
209 622 306 699 potius
327 617 482 679 sublimem
504 616 620 677 sustulit
641 615 702 687 alis,

100 712 179 764 esset
199 711 232 763 ut
252 705 283 764 in
306 704 392 762 terris
414 702 483 760 facti
506 700 542 759 de
564 702 683 761 nomine
707 702 784 770 ciris,

100 788 170 847 ciris
191 786 347 865 Amyclaeo
368 785 526 844 formosior
549 801 653 844 ansere
674 784 781 845 Ledae.

98 871 148 932 bic
170 869 301 930 velutin
322 871 421 938 niveo,
445 877 546 926 tenera
568 875 613 926 est
634 885 701 928 cum
723 869 858 946 primitus
897 887 950 931 ovo

99 954 210 1031 effigies
232 954 388 1012 animantis
410 959 439 1011 et
460 949 626 1010 internodia
647 951 789 1011 membris

98 1037 261 1116 inperfecta
284 1054 358 1096 novo
380 1035 495 1094 fluitant
517 1043 656 1094 concreta
677 1033 790 1095 calore:

98 1122 142 1180 sic
163 1118 273 1198 liquido
297 1117 410 1197 Scyllae
433 1116 642 1178 circumfusum
665 1136 793 1197 aequore
817 1139 924 1199 corpus

99 1203 229 1265 semiferi
250 1204 372 1262 incertis
394 1203 481 1261 etiam
504 1219 582 1260 nunc
603 1201 736 1280 partibus
757 1211 838 1263 artus

98 1285 228 1364 undique
250 1285 403 1346 mutabant
424 1293 511 1362 atque
533 1285 663 1364 undique
684 1286 882 1348 mutabantur.

99 1370 159 1430 oris
179 1369 274 1429 honos
297 1371 423 1447 primunr
447 1377 476 1426 et
497 1367 596 1427 multis
618 1377 716 1446 optata
737 1368 843 1430 labella

99 1461 129 1513 et
149 1451 265 1532 patulae
288 1453 393 1511 frontis
415 1452 528 1528 species
550 1469 742 1511 concrescere
764 1454 795 1512 in
817 1470 906 1512 unum

98 1554 223 1614 coepere
247 1543 276 1594 et
298 1536 400 1612 gracili
423 1542 554 1594 mentum
576 1534 740 1613 producere
762 1543 875 1603 rostro;

98 1629 161 1680 tum
184 1637 240 1697 qua
263 1618 447 1677 semodium
470 1619 572 1695 capitis
594 1618 753 1677 discrimen
775 1618 889 1696 agebat,

99 1719 169 1762 ecce
191 1708 314 1779 repente
335 1700 414 1760 velut
434 1703 545 1779 patrios
566 1702 695 1761 imitatus
714 1700 844 1762 honores

98 1784 255 1863 puniceam
278 1786 425 1844 concussit
447 1802 520 1862 apex
541 1786 572 1843 in
595 1788 703 1844 vertice
726 1785 844 1846 cristam

100 1874 130 1926 at
151 1864 248 1924 mollis
268 1867 364 1926 varios
387 1869 520 1927 intexens
541 1866 640 1946 pluma
663 1868 777 1928 colores

99 1963 308 2010 marmoreum·
321 1950 431 2011 volucri
455 1953 565 2012 vestivit
589 1955 716 2030 tegmine
739 1971 855 2031 corpus,

99 2031 237 2111 lentaque
258 2042 416 2113 perpetuas
438 2035 577 2095 fuderunt
598 2035 736 2097 bracchia
759 2055 881 2116 pennas.

98 2115 168 2176 inde
190 2115 260 2176 alias
282 2127 382 2196 partes
403 2119 552 2197 minioque
574 2119 681 2180 infecta
703 2119 822 2180 rubenti

99 2218 186 2259 crura
208 2218 282 2260 nova
304 2202 414 2260 macies
436 2202 557 2263 obduxit
578 2202 709 2282 squalida
732 2202 809 2281 pelle

99 2290 129 2342 ct
150 2282 274 2360 pedibus
295 2285 405 2344 teneris
427 2303 539 2363 ungues
561 2286 661 2346 adfixit
682 2295 791 2346 acutos.

82 2373 129 2425 'et
152 2373 250 2425 tamen
272 2367 330 2428 hoc
353 2367 470 2428 demum
493 2370 618 2428 miserae
640 2385 814 2428 succurrere
835 2377 922 2445 pacto

98 2450 145 2508 vix
167 2448 264 2508 fuerat
284 2449 399 2528 placida
422 2451 549 2528 Neptuni
571 2452 695 2526 coniuge
718 2449 848 2526 dignum.

99 2550 257 2610 numquam
281 2533 361 2593 illam
383 2533 543 2611 posthaec
565 2532 642 2592 oculi
663 2531 762 2592 videre
784 2549 904 2591 suerum

98 2633 263 2695 purpureas
284 2616 359 2676 flavo
381 2617 556 2674 retinentem
579 2616 687 2674 vertice
710 2616 802 2681 vittas,

98 2716 158 2758 non
181 2698 325 2759 thalamus
348 2698 436 2775 Tyrio
458 2697 593 2774 fragrans
615 2697 728 2774 accepit
749 2713 872 2765 amomo,

98 2781 196 2841 nullae
217 2781 297 2840 illam
320 2780 418 2839 sedes:
442 2779 512 2857 quid
535 2780 612 2838 enim
636 2779 696 2837 iam
724 2778 843 2840 sedibus
864 2778 924 2839 illtt

98 2882 173 2942 quae
195 2862 282 2922 simul
303 2873 336 2922 ut
357 2879 421 2920 sese
444 2879 517 2921 cano
540 2861 576 2920 de
598 2862 713 2940 gurgite
734 2860 818 2923 velox

98 2965 165 3006 curn
188 2948 284 3005 sonitu
307 2943 343 3005 ad
366 2943 477 3003 caelum
501 2945 692 3007 stridentibus
714 2945 816 3007 extulit
838 2946 890 3008 alis

99 3035 128 3088 et
150 3027 273 3088 multum
296 3027 353 3086 late
376 3027 514 3104 dispersit
535 3030 566 3088 in
588 3049 715 3110 aequora
737 3049 836 3091 rorem

97 3108 200 3168 infelix
222 3113 303 3186 virgo
326 3111 502 3188 nequiquam
524 3131 540 3173 a
563 3124 658 3175 morte
679 3123 799 3194 recepta

98 3188 241 3250 incultum
264 3191 333 3252 solis
354 3194 386 3252 in
408 3194 529 3272 rupibus
552 3200 640 3276 exigit
662 3215 772 3264 aevom,

98 3271 220 3349 rupibus
243 3283 272 3334 et
292 3275 420 3355 scopulis
442 3285 472 3338 et
492 3277 627 3341 litoribus
649 3280 781 3339 desertis.

98 3372 153 3416 nec
167 3365 274 3418 tamen
295 3359 352 3419 hoc
373 3361 468 3440 ipsum
489 3382 585 3441 poena
606 3366 684 3424 sine:
707 3379 833 3441 namque
855 3360 941 3420 deum
964 3377 1026 3431 rex,
1055 3367 1107 3419 att

98 3440 197 3499 omnia
219 3443 269 3520 qui
290 3444 431 3523 imperio,
453 3453 549 3509 terras
570 3464 652 3508 mare
674 3444 772 3508 sidera
795 3451 899 3505 versat.
