2454 3936
133 194 195 254 010
455 200 596 250 vnnamr
621 201 744 249 aarum
762 201 809 248 v11

134 361 284 439 perpetuis
305 356 383 419 solltl
403 364 501 435 patres
524 355 677 417 considere
699 357 817 416 mensis.

135 444 204 521 quta
227 444 313 504 etiam
336 449 466 502 veterum
489 440 599 517 elilgles
622 458 657 500 ex
679 439 782 499 ordine
803 456 923 500 avorum
982 475 986 483 ·

135 527 252 604 antiqua
274 544 290 587 e
312 525 410 594 cedro,
433 522 580 601 Italusque
601 530 742 600 paterque
765 521 889 583 Sabinus

135 610 274 679 vitisator,
296 625 413 669 curram
435 624 555 667 servans
576 605 631 666 sub
653 607 780 684 imagine
802 605 914 676 falcem,

135 691 336 770 Saturnusque
354 710 442 753 senex
464 690 584 770 lanique
605 689 740 750 bifrontis
755 691 850 767 imago
1092 695 1146 748 100

135 775 275 837 vestibulo
298 775 438 845 astabant,
461 773 566 852 aliique
585 773 621 833 ab
644 773 757 851 origine
778 789 865 850 reges

134 859 293 938 blartiaque
316 858 353 919 ob
373 861 498 936 patriam
519 856 677 936 pugnando
696 855 815 917 volnera
836 857 924 935 passi.

135 942 283 1019 multaque
304 950 458 1020 praeterea
477 941 568 1001 sacris
589 941 619 1000 in
640 939 773 1018 postibus
795 958 885 1010 arma,

135 1027 238 1102 captivi
259 1026 388 1104 pendent
410 1042 515 1085 currus
538 1041 700 1101 curvaeque
722 1040 842 1085 secures

135 1116 163 1169 et
185 1110 288 1170 cristae
311 1110 437 1186 capitum
457 1118 485 1168 et
501 1115 653 1187 portarum
674 1107 801 1185 ingentia
822 1106 946 1168 claustra
1092 1112 1144 1166 100

134 1191 303 1271 spiculaque
325 1191 467 1270 clipeique
491 1200 647 1269 ereptaque
668 1199 764 1250 rostra
786 1193 903 1253 carinis.

134 1277 196 1353 ipse
219 1275 360 1344 Quirinali
382 1275 451 1336 lituo
474 1293 620 1354 parvaque
643 1273 764 1335 sedebat

134 1361 301 1420 succinctus
321 1358 422 1421 trabea
443 1357 580 1437 laevaque
600 1356 693 1419 ancile
716 1357 836 1436 gerebat

135 1443 228 1512 Picus,
253 1462 337 1504 ecum
359 1443 504 1512 domitor;
527 1461 614 1521 quem
637 1449 720 1520 capta
741 1442 877 1520 cupitline
899 1443 1024 1502 coniunx

135 1545 222 1587 aurea
243 1545 415 1605 percussum
434 1529 514 1605 virga
536 1544 710 1605 versumque
728 1527 846 1588 venenis
1092 1530 1146 1585 100

135 1611 202 1671 lecit
224 1629 305 1670 arem
327 1613 409 1672 Circe
432 1614 596 1691 sparsitque
619 1609 767 1671 coloribus
789 1607 857 1670 alas.

135 1693 185 1752 tall
206 1695 283 1754 intus
304 1694 411 1773 templo
434 1695 529 1755 divom
547 1696 698 1774 patriaque
720 1694 838 1754 Latinus

135 1776 203 1835 sede
220 1777 325 1838 sedens
345 1779 476 1838 Teucros
497 1780 533 1839 ad
553 1796 617 1839 sese
639 1780 668 1837 in
688 1785 763 1837 tecta
784 1778 903 1845 vocavit,

136 1867 221 1936 atque
240 1860 311 1920 haec
329 1862 469 1938 ingressis
489 1861 602 1940 placido
623 1861 705 1938 prior
728 1858 816 1920 edidit
838 1876 905 1919 ore:

178 1943 291 2012 ‘Dicite
315 1943 495 2004 Dardanidae
514 1945 618 2021 (neque
641 1943 717 2004 enim
737 1942 883 2002 nescimus
905 1950 934 2001 et
956 1940 1060 2002 urbem
1092 1948 1146 2003 100

136 2034 163 2087 et
184 2043 284 2104 genus,
308 2027 456 2104 auditique
470 2027 616 2087 advertitis
639 2043 766 2104 aequore
788 2025 925 2104 cursum),

136 2110 204 2188 quid
225 2109 340 2188 petitisi
361 2126 436 2186 quae
459 2128 546 2171 causa
568 2120 645 2172 rates
666 2118 715 2170 aut
736 2108 818 2171 cuius
840 2111 949 2187 egentis

135 2192 201 2254 litus
223 2192 259 2253 ad
279 2195 437 2254 Ausonium
459 2202 502 2254 tot
526 2212 579 2273 per
598 2194 671 2255 vada
692 2192 809 2254 caerula
830 2193 924 2253 veriti

136 2278 194 2337 sire
213 2294 314 2336 errore
334 2278 395 2338 viae
417 2295 469 2339 seu
492 2276 711 2355 tempestatibus
733 2279 788 2338 acti

137 2358 240 2437 (qualia
263 2359 351 2420 multa
372 2363 446 2422 mari
465 2370 570 2423 nautae
592 2363 741 2440 patiuntur
762 2363 793 2420 in
815 2358 881 2439 alto)
1090 2359 1149 2419 000

137 2443 263 2503 llunnnis
281 2444 408 2505 intrastis
426 2447 505 2526 ripas
527 2454 673 2526 portuque
694 2445 809 2514 sedetis,

136 2545 173 2587 ne
191 2528 282 2603 sugite
304 2529 459 2608 hospitium
478 2548 551 2592 neve
572 2532 704 2608 ignorato
726 2529 841 2590 Latinos

136 2611 254 2671 Saturni
276 2620 400 2689 gentem,
422 2614 493 2676 haut
511 2615 606 2676 vinclo
628 2632 684 2674 nec
702 2613 816 2692 legibus
838 2630 969 2692 aequam,

135 2703 239 2772 sponte
261 2714 312 2755 sua
330 2699 492 2776 veterisque
513 2699 560 2760 del
582 2717 614 2760 se
634 2716 716 2758 more
739 2705 894 2758 tenentem.

136 2786 222 2857 atque
242 2779 375 2855 equidem
396 2784 514 2841 memini
535 2783 621 2860 (lama
638 2789 681 2842 est
700 2781 852 2841 obscurior
870 2779 963 2852 annis)
1091 2785 1147 2839 200

135 2862 289 2920 Auruncos
311 2863 349 2921 ita
371 2863 448 2923 serre
471 2882 563 2933 senes,
585 2865 630 2924 hIs
653 2872 734 2924 ortus
755 2870 787 2922 ut
807 2863 884 2940 agris

135 2942 287 3002 Uardanus
309 2943 408 3003 ldaeas
426 2945 567 3024 Phrygiae
588 2947 750 3023 penetravit
772 2945 808 3006 ad
827 2944 915 3004 urbes

135 3025 376 3104 Thraeciamque
394 3028 520 3098 Samum,
545 3046 619 3106 quae
640 3046 718 3088 nunc
740 3028 938 3088 Samothracia
960 3024 1062 3086 fertur.

137 3108 203 3169 hinc
223 3109 313 3173 illuns.
336 3109 452 3188 Corythi
474 3111 625 3189 Tyrrhena
645 3111 680 3171 ab
703 3111 771 3173 sede
804 3112 979 3191 proiectum,

136 3210 224 3254 aurea
247 3211 325 3254 nunc
347 3193 421 3255 solio
443 3195 583 3255 stellantis
604 3197 684 3272 regia
707 3194 779 3255 caeli
1090 3200 1147 3256 210

136 3278 241 3354 accipit
267 3285 294 3338 et
312 3295 469 3339 numerum
491 3279 624 3340 divorum
647 3277 822 3339 altaribusa
864 3279 910 3340 et.'
1196 3324 1199 3329 -

178 3360 303 3431 Dixerat,
326 3371 356 3422 et
375 3364 449 3424 dicta
472 3363 596 3424 llioneus
621 3364 662 3424 sic
682 3380 752 3423 voce
773 3297 1168 3442 secqgustgtrtsffi&¹
1198 3366 1215 3443 3'

153 3461 214 3513 rex,
236 3463 328 3522 genus
351 3449 501 3525 egregium
522 3448 625 3518 Fauni,
648 3465 703 3509 nec
720 3445 857 3508 ductibus
879 3456 959 3508 actos
1225 3489 1227 3500 ,
