2400 3878
134 214 196 276 804
476 220 760 270 montensem
776 222 800 269 x

134 379 280 442 omnibus.
312 377 480 456 adloquitur
501 383 682 437 maerentem
704 385 733 436 et
753 375 860 438 talibus
879 377 956 438 iniit:

135 463 279 531 ‘Rhaehe
301 462 359 533 diu,
379 479 428 522 res
450 462 533 540 siqua
551 460 602 520 diu
621 458 794 522 mortalibus
815 458 873 521 ulia
894 469 946 532 cst,

26 615 30 621 ,
134 549 266 608 vixlmus.
304 554 354 607 aut
375 544 463 606 hodie
482 546 574 606 victor
593 543 684 622 spolia
704 543 754 605 illa
777 546 891 607 cruenti

134 640 163 693 et
184 638 273 709 caput
289 631 404 691 Aeneae
425 628 538 690 reseres
557 627 703 706 Lausique
723 627 858 690 dolorum

132 713 211 776 ultor
234 715 291 774 oris
314 731 431 775 mecum
451 720 510 782 aut,
533 714 627 790 aperit
651 713 676 773 si
695 711 774 774 nulla
796 714 873 774 viam
895 716 947 785 vis,

133 798 292 860 occumbes
311 799 436 876 pariter;
459 813 556 874 neque
578 798 665 866 enim,
684 796 849 865 fortissime¹
873 797 972 868 credo,

132 883 211 944 iussa
233 881 326 943 aliena
348 881 408 960 pati
430 888 460 942 ot
479 881 613 942 dominos
637 879 798 957 dignabere
819 880 969 943 Teucros!

133 968 205 1028 dixit
227 973 256 1027 et
277 973 416 1043 exceptus
436 972 520 1043 tergo
543 973 683 1026 consueta
703 963 808 1026 locavit

133 1049 266 1110 membra
288 1067 451 1127 manusque
472 1048 574 1109 ambas
595 1047 698 1110 iaculis
716 1048 848 1110 oneravit
869 1052 970 1121 acutis,

133 1151 202 1195 aere
222 1142 309 1212 caput
330 1131 445 1211 fulgens
465 1134 612 1213 cristaque
634 1132 765 1194 hirsutus
786 1135 901 1212 equina.

134 1219 177 1278 sic
200 1234 319 1278 cursum
337 1217 367 1276 in
389 1217 501 1278 medios
522 1217 642 1295 rapidus
662 1217 756 1278 dedit:
777 1226 890 1280 aestuat
909 1218 1012 1298 ingene

132 1319 191 1363 uno
215 1302 244 1362 in
267 1300 357 1362 corde
377 1301 473 1380 pudor
492 1302 642 1380 mixtoque
663 1301 774 1362 insania
791 1299 881 1363 luctu.

132 1394 220 1464 atque
239 1384 288 1446 hic
307 1386 424 1446 Aenean
444 1401 549 1462 magna
571 1393 616 1445 ter
638 1403 709 1446 voce
730 1386 850 1447 vocavit

132 1472 244 1530 Aeneas
266 1470 384 1548 agnovit
404 1471 482 1530 enim
501 1469 654 1549 laetusque
674 1477 829 1549 precatur:

132 1555 190 1615 ‘sic
210 1561 294 1632 pater
317 1553 365 1615 ille
386 1552 474 1615 deum
496 1554 592 1624 iaciat,
615 1556 657 1615 sic
679 1552 754 1614 altus
774 1553 891 1632 Apollo!

131 1639 252 1717 incipias
271 1638 409 1701 conterre
428 1639 566 1699 manum!

131 1728 244 1782 tantum
267 1722 370 1783 effatus
392 1730 421 1784 et
441 1722 545 1783 infesta
564 1722 643 1783 subit
664 1722 767 1783 obvius
784 1722 876 1783 hasta.

131 1804 180 1865 iile
202 1813 299 1866 autem
323 1806 406 1884 ‘quid
428 1823 476 1866 me
499 1814 611 1884 erepto,
635 1807 811 1878 saevissimo,
834 1812 902 1866 nato

131 1889 244 1949 terrosi
265 1888 339 1950 haec
357 1891 401 1950 via
421 1887 482 1949 sola
502 1889 642 1968 fuitque
662 1890 788 1966 perdere
805 1906 916 1968 posses.

131 1989 186 2033 nec
207 1978 333 2033 mortem
354 1972 510 2033 horremus
532 1990 588 2033 nec
607 1972 702 2034 divom
725 1973 873 2051 parcimus
894 1973 955 2036 ulli.

131 2056 246 2117 desine:
269 2074 338 2116 nam
360 2057 445 2117 venio
465 2058 627 2120 moriturus
650 2064 680 2118 et
700 2057 773 2118 haec
793 2056 846 2118 tibi
867 2065 954 2138 porto

131 2140 207 2200 dona
228 2141 330 2218 prius'
364 2139 436 2201 dixit
456 2139 605 2219 telumque
624 2142 740 2202 intorsit
761 2142 790 2202 in
810 2141 941 2212 hostem

130 2224 198 2284 indo
218 2223 297 2284 aliud
319 2230 516 2303 superatque
540 2224 617 2285 aliud
637 2225 756 2306 figitque
779 2223 916 2304 volatque

129 2307 240 2386 ingenti
261 2324 343 2388 gyro,
366 2307 417 2368 sed
432 2309 555 2370 sustinet
576 2326 683 2388 aureus
702 2309 802 2371 umbo.

131 2398 176 2452 ter
198 2393 310 2452 circum
333 2399 477 2453 astantem
497 2392 594 2454 laevos
613 2395 752 2473 equitavit
769 2396 801 2455 in
823 2393 911 2456 orbes

130 2475 187 2537 tela
206 2493 295 2537 manu
317 2477 435 2548 iaciens,
458 2484 503 2538 ter
523 2495 624 2539 secum
645 2477 752 2539 Troius
773 2478 862 2540 horos

130 2560 278 2622 inmanem
301 2569 400 2623 aerato
424 2561 596 2623 circumfert
617 2564 745 2641 tegmine
767 2562 876 2624 silvam.
968 2591 970 2596 s

131 2644 199 2706 inde
216 2644 267 2706 ubi
283 2652 327 2705 tot
348 2647 473 2708 traxisse
494 2663 603 2716 moras,
622 2652 666 2706 tot
684 2645 796 2726 spicula
818 2646 915 2709 taedet

129 2728 237 2790 vellere
256 2739 285 2790 et
305 2738 429 2806 urgetur
450 2746 549 2809 pugna
569 2747 747 2809 congressus
768 2732 876 2811 iniqua,

129 2811 219 2872 multa
241 2830 361 2873 movens
379 2815 475 2875 animo
496 2815 553 2875 iam
574 2814 691 2876 tandem
716 2816 843 2895 erumpit
862 2821 891 2874 ot
911 2815 988 2876 inter

129 2893 279 2956 bellatoris
301 2897 368 2975 eqni
390 2914 459 2958 cava
479 2905 612 2976 tempora
635 2900 742 2961 conicit
759 2898 882 2959 hastam.

130 2977 203 3038 tollit
222 2995 255 3039 se
276 2987 426 3052 arrectum
447 2980 615 3060 quadrupes
636 2990 665 3044 et
686 2981 815 3044 calcibus
836 2998 923 3043 auras

129 3061 265 3122 verberat
286 3063 470 3143 effusumque
490 3065 618 3144 equitem
640 3083 729 3145 super
750 3067 812 3145 ipse
833 3071 949 3127 secutus

129 3145 261 3225 implicat
283 3147 435 3225 eiectoque
456 3148 598 3218 incumbit
618 3168 747 3212 cernuus
768 3167 860 3210 armo.

130 3229 259 3293 clamore
281 3231 441 3293 incendunt
463 3233 576 3295 caelum
598 3232 748 3313 Troesque
770 3233 928 3314 Latinique

129 3313 242 3375 advolat
262 3318 375 3377 Aeneas
395 3318 557 3397 vaginaque
580 3318 664 3396 eripit
686 3335 784 3380 ensem

128 3431 327 3443 ———

128 3493 156 3542 et
173 3486 252 3543 iuriis
267 3488 385 3560 agitatus
401 3505 478 3545 amor
491 3499 519 3546 et
533 3492 641 3547 conscia
658 3491 753 3548 virtus.
