2400 3878
360 647 894 729 nvunnrmunnoms

284 824 330 919 A
382 826 424 919 E
476 826 615 921 NE
667 823 790 919 ID
843 821 887 917 O
940 821 975 919 S

480 996 596 1055 LIBER
618 994 771 1054 PRIMVS.

164 1338 252 1392 Arum
275 1333 428 1408 virumque
451 1346 540 1397 cano,
568 1327 675 1389 Troiae
698 1330 747 1406 qui
764 1329 877 1406 primus
899 1323 935 1387 ab
959 1323 1022 1385 oris

124 1415 235 1477 italiam
255 1415 313 1477 tato
337 1415 479 1492 profugus
501 1413 676 1491 Laviniaque
696 1413 776 1473 venit

123 1499 225 1570 litora,
252 1499 376 1560 muitum
398 1497 446 1559 ilie
468 1504 497 1559 et
515 1499 603 1558 terris
626 1499 748 1558 iactatus
767 1503 796 1558 et
816 1496 875 1555 aito

123 1584 152 1643 vi
173 1601 314 1660 superum
333 1601 437 1644 saevae
458 1600 620 1642 memorem
640 1582 759 1641 lunonis
781 1580 819 1640 ob
841 1580 931 1648 iram,

124 1665 215 1726 multa
237 1685 353 1745 quoque
375 1673 404 1725 et
424 1664 502 1726 bello
524 1683 642 1742 passus,
666 1665 736 1724 dum
754 1664 894 1725 conderet
913 1661 1021 1722 urbem

125 1749 305 1827 inferretque
327 1751 397 1809 deos
416 1748 512 1818 Latio,
538 1767 631 1826 genus
651 1749 730 1809 unde
752 1749 887 1809 Latinum

127 1832 287 1912 Albanique
309 1841 408 1911 patres
425 1839 512 1910 atque
533 1831 608 1893 altae
628 1833 742 1892 moenia
763 1833 883 1892 Romae.

126 1917 223 1985 Musa,
244 1917 315 1977 mihi
333 1934 437 1976 causas
457 1934 604 1986 memora,
628 1934 685 1994 quo
708 1917 827 1978 numine
847 1915 927 1976 laeso

127 2001 231 2080 quidve
253 1999 355 2061 dolens
377 2001 477 2078 regina
500 2002 587 2061 deum
609 2008 652 2060 tot
674 2001 790 2062 volvere
812 2017 897 2062 casus

125 2086 270 2161 insignem
295 2086 402 2162 pietate
424 2086 534 2155 virum,
554 2092 597 2144 tot
617 2085 698 2145 adire
719 2085 836 2145 iabores

126 2168 275 2246 inpulerit.
319 2175 456 2228 tantaene
475 2170 579 2229 animis
600 2168 774 2230 caelestibus
795 2169 876 2230 iraei

168 2251 246 2314 Urbs
268 2253 385 2331 antiqua
408 2252 461 2312 iuit
483 2252 574 2331 (Tyrii
594 2262 716 2314 tenuere
738 2253 844 2330 coloni)

124 2336 290 2412 Karthago,
313 2334 424 2396 italiam
447 2343 548 2397 contra
569 2336 766 2416 Tiberinaque
786 2337 875 2413 longe

124 2422 214 2488 ostia,
238 2419 317 2480 dives
336 2438 425 2498 opum
449 2421 609 2500 studiisque
627 2423 789 2500 asperrima
810 2419 894 2489 belli;

128 2519 215 2576 quam
237 2504 310 2565 luno
331 2504 425 2565 fertur
448 2506 534 2566 terris
555 2508 648 2583 magis
670 2505 806 2567 omnihus
824 2522 914 2566 unam

124 2587 294 2670 posthabita
316 2587 439 2650 coluisse
463 2590 565 2651 Samo:
588 2591 637 2651 hie
655 2589 730 2651 iliius
748 2608 845 2660 arma,

128 2674 175 2732 hic
196 2689 302 2733 currus
324 2672 390 2740 iuit;
414 2673 471 2732 hoe
491 2691 618 2751 regnum
638 2674 692 2734 dea
712 2674 846 2752 gentihus
869 2690 934 2735 esse

127 2757 210 2832 siqua
233 2754 291 2814 sata
313 2756 423 2824 sinant,
443 2757 500 2815 iam
522 2765 584 2817 tum
607 2757 756 2833 tenditque
778 2757 923 2836 fovetque.

128 2839 300 2918 progeniem
321 2837 373 2898 sed
396 2839 473 2899 enim
495 2838 623 2900 Troiano
644 2858 660 2900 a
682 2842 824 2919 sanguine
847 2841 914 2902 duci

128 2922 274 2990 audierat,
301 2920 403 2999 Tyrias
425 2922 493 2982 olim
514 2940 588 3000 quae
610 2931 738 2985 verteret
757 2943 858 2994 arces;

128 3005 197 3066 hinc
219 3003 360 3083 populum
384 3005 441 3066 late
461 3024 563 3085 regem
584 3007 721 3088 belloque
743 3010 905 3088 superbum

128 3096 285 3150 venturum
306 3089 418 3151 excidio
440 3090 565 3171 Libyae:
595 3095 637 3154 sic
656 3093 772 3155 volvere
793 3113 907 3174 pareas.

128 3173 158 3234 id
178 3181 313 3234 metuens
335 3177 500 3255 veterisque
519 3195 633 3238 memor
655 3179 790 3240 Saturnia
809 3179 894 3248 belli,

129 3259 224 3337 prima
246 3258 325 3336 quod
346 3260 383 3320 ad
405 3259 522 3322 Troiam
544 3280 599 3341 pro
622 3265 696 3325 caris
719 3271 850 3342 gesserat
870 3262 956 3340 Argis

131 3341 266 3404 ‘necdum
289 3343 375 3404 etiam
398 3362 503 3407 causae
525 3346 636 3409 irarum
658 3349 794 3413 saeviuue
815 3347 932 3409 dolores
