2400 3878
444 170 588 218 vnsemr
608 169 733 218 reuma
752 171 788 217 rx
1058 158 1118 221 2⁷5

106 327 251 387 Ascanius
273 325 439 404 fortemque
460 342 550 385 manu
572 324 681 386 fudisse
701 323 876 395 Numanum,

111 413 158 473 cui
182 408 305 470 Remulo
326 427 490 488 cognomen
513 427 585 479 erat,
609 408 760 488 Turnique
780 409 926 469 minorem

110 512 279 573 germanam
301 511 396 571 nuper
418 492 546 552 thalamo
568 493 694 552 sociatus
714 491 850 552 habebat.

110 580 134 638 is
155 581 281 657 primam
299 586 367 637 ante
386 577 477 636 aciem
500 575 586 654 digna
608 584 696 655 atque
714 575 832 654 indigna
855 573 949 637 relatu

111 663 274 722 vociferans
295 660 481 737 tumidusque
503 677 577 719 novo
599 659 773 738 praecordia
793 677 886 738 regno

111 745 171 806 ibat
190 756 219 804 et
241 746 387 822 ingentem
410 762 475 804 sese
497 742 624 804 clamore
646 741 775 803 larebat:
843 798 847 805 .

111 838 187 889 ‘non
206 829 297 906 pudet
319 828 471 888 obsidione
490 828 597 888 iterum
616 826 749 905 valloque
767 827 871 896 teneri,

112 912 156 972 bis
175 913 252 989 capti
272 911 413 991 Phryges,
439 919 468 971 et
488 911 577 970 morti
598 911 792 988 praetendere
811 912 931 971 murosl

111 1013 148 1056 en
170 997 220 1076 qui
242 1005 342 1056 nostra
363 994 419 1055 sibl
441 993 518 1055 belle
540 992 665 1054 conubia
686 994 827 1073 poscunt!

112 1081 175 1157 quis
195 1079 267 1138 deus
288 1078 408 1148 ltaliam,
431 1097 506 1157 quae
526 1095 578 1138 vos
599 1078 744 1138 dementia
762 1077 877 1155 adegit?

111 1180 170 1222 non
188 1163 237 1222 hic
254 1163 372 1223 Atridae
395 1180 450 1223 nec
471 1161 552 1222 landi
572 1162 657 1222 fictor
676 1161 788 1224 Ulixes:

111 1246 217 1307 durum
241 1265 257 1306 a
278 1248 369 1325 stirpe
389 1263 481 1324 genus
501 1253 586 1307 natos
605 1245 641 1306 ad
662 1245 782 1306 llumina
804 1247 931 1324 primum

111 1329 270 1390 deferimus
289 1348 435 1407 saevoque
457 1328 524 1407 gelu
547 1329 686 1390 duramus
704 1337 732 1390 et
753 1329 849 1399 undis,

110 1424 217 1474 venatu
237 1412 388 1490 invigilant
410 1414 495 1490 pueri
516 1411 660 1490 silvasque
682 1413 812 1490 fatigant,

109 1497 228 1558 flectere
243 1495 328 1556 ludus
348 1512 438 1571 equos
459 1503 488 1554 et
508 1493 619 1571 spicula
639 1495 760 1555 tendere
779 1512 881 1555 cornu.

110 1589 139 1642 at
160 1582 274 1659 patiens
296 1596 420 1656 operum
441 1595 591 1655 parvoque
614 1577 733 1638 adsueta
751 1578 884 1638 iuventus
970 1591 972 1596 ·

111 1672 160 1727 aut
179 1664 415 1722 rastris‘terram
438 1660 537 1720 domat
557 1667 607 1720 aut
627 1661 719 1737 quatit
742 1661 848 1738 oppida
869 1659 957 1722 bello.

111 1764 198 1807 omne
220 1763 322 1805 aevom
342 1744 420 1805 ferro
442 1745 557 1813 teritur,
580 1761 722 1822 versaque
743 1745 900 1806 iuvencum

111 1838 192 1904 terga
212 1828 367 1904 fatigamus
391 1826 488 1896 hasta;
514 1845 569 1888 nee
591 1827 674 1888 tarda
696 1835 831 1890 senectus
901 1823 903 1827 ⁴

111 1911 242 1973 debilitat
263 1913 338 1972 vires
360 1913 449 1971 animi
470 1919 621 1991 mutatque
640 1913 787 1990 vigorem:

111 1996 246 2057 canitiem
267 1993 349 2072 galea
370 1997 540 2074 premimus,
563 2013 739 2075 semperque
760 1997 887 2057 recentis

110 2088 296 2159 comportare
317 2082 397 2141 iuvat
413 2079 538 2160 praedas
560 2087 589 2142 et
609 2081 707 2142 rivere
729 2086 824 2159 rapto.

109 2164 190 2224 vobis
211 2165 288 2242 picta
310 2183 397 2225 croco
420 2173 448 2225 et
468 2163 592 2242 fulgenti
614 2166 729 2225 murice
752 2165 847 2232 vestis,

109 2247 236 2308 desidiae
258 2249 349 2318 cordi,
370 2251 449 2309 iuvat
467 2249 619 2327 indulgere
638 2248 762 2317 choreis,

111 2340 139 2392 et
159 2333 276 2391 tunicae
297 2333 425 2392 manicas
446 2342 475 2391 et
492 2331 603 2392 habent
619 2330 789 2392 redimicula
807 2334 921 2392 mitrae.

111 2433 128 2473 o
149 2432 217 2474 vere
237 2413 381 2492 Phrygiae
403 2413 508 2492 (neque
529 2416 607 2474 enim
628 2414 779 2493 Phryges),
800 2415 840 2475 ite
861 2432 915 2492 per
937 2414 993 2475 alta

111 2496 261 2574 Dindyma,
283 2495 335 2555 ubi
356 2495 484 2556 adsuetis
505 2496 632 2556 biforem
653 2496 702 2555 dat
724 2495 794 2555 tibia
816 2499 946 2556 cantum!

111 2586 247 2658 tympana
268 2596 319 2636 vos
339 2576 495 2656 buxusque
516 2585 599 2638 vocat
619 2577 790 2656 Berecyntia
809 2580 908 2640 Matris

112 2663 230 2723 Idaeae:
252 2662 336 2721 sinite
357 2679 438 2722 arma
454 2661 523 2721 viris
542 2669 571 2723 et
592 2660 686 2722 cedite
707 2661 808 2721 ferro!

153 2743 234 2805 Talia
256 2745 410 2805 iactantem
432 2744 516 2805 dictis
537 2763 572 2805 ac
596 2744 659 2814 dira
682 2752 855 2805 canentem·

111 2847 169 2889 non
190 2826 255 2892 tulit
277 2829 427 2898 Ascanius,
448 2845 599 2907 nervoque
621 2827 762 2889 obversus
785 2831 890 2909 equino

109 2913 232 2973 intendit
253 2911 345 2993 telum
365 2911 536 2998 diversaque
556 2911 694 2973 bracchia
713 2912 823 2974 ducens

111 2997 333 3066 commitante
355 2996 453 3057 lovem
475 2996 599 3077 supplex
621 3014 674 3074 per
692 3003 756 3057 vota
774 3005 925 3074 precatus:

111 3079 255 3158 ‘luppiter
277 3082 470 3159 omnipotens,
494 3078 655 3142 audacibus
677 3081 772 3148 adnue
794 3083 913 3159 coeptis.

108 3165 171 3241 ipse
192 3163 245 3223 tihi
266 3164 303 3225 ad
324 3174 374 3225 tua
395 3163 502 3243 templa
524 3165 616 3225 leram
638 3163 789 3224 sollemnia
810 3165 886 3225 dona

111 3257 138 3307 et
155 3257 280 3307 statuam
303 3255 370 3309 ante
387 3266 453 3308 aras
474 3256 576 3309 aurata
598 3246 693 3308 fronte
717 3249 872 3307 iuvencum

111 3331 283 3391 candentem
305 3333 475 3410 pariterque
497 3340 584 3409 caput
607 3349 674 3391 cum
695 3339 789 3390 matre
810 3331 963 3403 ferentem,

109 3416 166 3474 iam
187 3432 281 3476 cornu
301 3423 381 3494 petat
401 3423 430 3474 et
450 3415 576 3491 pedibus
599 3416 649 3493 qui
670 3421 789 3493 spargat
810 3413 960 3477 harenam.

856 3514 915 3576 18⁸
