2400 3878
569 227 668 275 ottus.

112 403 180 460 pos,
202 382 363 444 Pandionia
393 384 470 461 siqui
505 384 649 461 degente
672 383 785 452 venitis,

116 470 249 528 cernitis:
272 467 321 526 illa
345 485 397 545 ego
422 486 485 528 sum
509 474 633 545 cognato
654 468 797 544 sanguine
818 465 900 526 vobis

115 551 209 630 Scylla
239 549 325 635 (quod
349 569 366 608 o
388 551 466 612 salva
488 550 574 610 liceat
595 559 625 610 te
648 551 747 610 dicere
768 547 908 628 Procne);

113 635 163 695 illa
186 653 240 714 ego
263 654 329 695 sum
351 635 412 695 Nisi
434 634 572 714 pellentis
593 635 652 694 lilia
674 633 831 713 quondam,

116 720 249 778 certatim
273 738 308 779 ex
331 720 412 778 ouini
432 720 517 798 petiit
537 736 625 796 quam
648 718 770 778 Graecia
785 735 888 794 regne,

115 821 169 880 qna
193 820 298 863 curius
321 812 415 862 terras
437 801 622 881 amplectitur
643 801 865 881 llellespontus;

114 886 164 945 illa
187 904 240 962 ego
263 905 342 954 sum,
365 887 474 956 Minos,
498 893 612 945 sacrato
636 886 756 945 loedere
779 886 905 945 coniunx
974 923 980 929 -‹

114 969 191 1029 dicta
214 969 280 1030 tibi:
303 979 402 1030 tamen
425 970 513 1046 llaec,
537 971 592 1030 etsi
614 987 673 1029 non
700 969 817 1048 aspicis,
842 969 932 1030 audis.

112 1056 247 1114 vinctane
268 1062 328 1114 tam
351 1055 450 1133 magni
471 1053 595 1113 tranabo
619 1055 742 1131 gurgitis
764 1053 876 1113 undas?

112 1139 208 1197 vincta
231 1146 273 1198 tot
295 1138 430 1198 adsiduas
452 1138 586 1216 pendebo
610 1156 646 1198 ex
668 1137 771 1198 ordine
793 1137 892 1198 luces?

113 1239 172 1280 non
195 1222 330 1298 equidem
353 1241 400 1282 ure
423 1220 479 1281 alio
501 1240 622 1300 possum
645 1221 826 1293 contendere
849 1221 966 1298 dignam

112 1303 269 1381 supplicio,
293 1306 370 1383 quod
392 1307 435 1364 sic
457 1308 582 1382 patriam
605 1323 747 1384 carosque
769 1313 890 1384 penates

112 1386 245 1445 hostibus
266 1388 421 1466 inmitique
444 1387 541 1446 addixi
561 1390 677 1465 ingrata
698 1397 833 1466 tyranno.

112 1488 213 1528 verum
235 1471 340 1537 istaec,
363 1471 473 1538 Minos,
497 1469 562 1530 illos
585 1469 726 1529 scelerata
748 1473 855 1548 putavi,

112 1556 136 1612 si
159 1563 259 1612 nostra
282 1561 349 1611 ante
372 1551 476 1630 aliquis
498 1551 637 1611 nudasset
658 1553 778 1612 foedera
800 1571 893 1621 casus,

112 1637 254 1703 tacturos,
278 1654 403 1714 quorum
426 1635 547 1713 direptis
568 1635 721 1695 nroeoiuus
741 1635 824 1695 urhis

111 1739 128 1778 o
151 1718 209 1797 ego
229 1718 357 1780 crudelis
379 1719 495 1779 flamma
519 1717 641 1778 delubra
663 1721 769 1798 petivi;

111 1813 139 1863 te
162 1820 230 1862 vero
254 1806 362 1863 victore
384 1804 467 1882 prius
489 1802 534 1862 vel
556 1802 652 1863 sidera
675 1821 777 1864 cursus

110 1894 257 1946 mutatura
279 1905 347 1946 suos
370 1906 457 1966 quam
479 1895 508 1948 te
530 1887 603 1947 milri
625 1886 692 1949 talia
715 1896 817 1967 captae

109 1968 256 2031 iacturum
279 1973 380 2032 metui.
404 1973 462 2031 iam
485 1974 543 2031 iarn
565 1971 662 2033 scelus
684 1972 782 2034 orinia
804 1973 903 2034 vincit.

109 2063 159 2114 ten
182 2073 236 2134 ego
259 2054 324 2134 plus
346 2057 441 2134 patrio
465 2055 553 2116 dilexi
574 2055 689 2134 perdita
711 2060 821 2134 regnol

108 2147 157 2198 ten
180 2140 251 2216 ego?
274 2158 329 2199 nec
351 2141 474 2210 mirum,
497 2139 576 2200 voltu
598 2141 720 2218 decepta
743 2139 840 2218 puella

108 2231 140 2281 ut
161 2223 219 2282 ridi
257 2233 289 2282 ut
311 2225 396 2302 perii,
422 2232 454 2283 ut
476 2243 523 2283 me
545 2223 638 2284 malus
661 2222 780 2284 abstulit
801 2243 894 2283 error.

108 2324 167 2364 non
190 2306 326 2383 equidem
350 2327 386 2365 ex
406 2309 462 2365 isto
485 2310 599 2384 sperari
623 2325 747 2383 corpore
769 2325 855 2383 posse

107 2387 165 2448 tale
187 2387 296 2446 malum
319 2390 414 2447 nasci:
438 2389 531 2447 lorum
555 2387 600 2447 vel
621 2388 718 2447 sidera
740 2387 832 2447 sellas.

107 2488 156 2531 me
178 2488 237 2529 non
261 2469 372 2529 deliciis
395 2471 552 2528 commovit
573 2471 654 2546 regia
677 2470 765 2539 dives,

108 2555 189 2614 dives
211 2551 321 2612 curalio
344 2551 441 2628 fragili
464 2561 493 2610 et
515 2551 670 2611 lacrimoso
693 2551 813 2619 electro,

108 2656 156 2698 me
179 2655 238 2696 non
260 2635 400 2695 ssoreutes
422 2634 536 2713 aequali
559 2653 683 2713 corpore
705 2637 861 2713 nymphae,

109 2738 168 2780 non
190 2729 286 2780 metus
306 2720 457 2778 incensam
479 2719 574 2796 potuit
595 2720 725 2778 retulere
747 2718 869 2777 deorum

109 2805 207 2864 nunna
229 2805 298 2863 vicit
319 2821 417 2870 amor;
441 2802 510 2881 quid
533 2803 611 2861 enim
635 2820 694 2861 non
716 2803 847 2862 vinceret
868 2801 934 2861 ittet

108 2907 169 2949 non
190 2889 262 2948 milri
284 2888 342 2949 iam
364 2887 467 2967 pingui
489 2884 636 2946 sudabunt
657 2896 791 2966 tempora
813 2886 942 2966 myrrha,

107 2972 241 3049 pronuba
264 2990 319 3033 nee
341 2980 436 3032 castos
458 2970 599 3032 accendet
621 2972 706 3051 pinus
721 2971 858 3043 honores,

108 3071 163 3112 uec
185 3056 273 3134 Libys
294 3058 411 3135 Assyrio
435 3064 583 3116 sternetur
605 3056 730 3118 lectulus
753 3064 843 3118 ostro.
1068 3063 1119 3110 ate

107 3152 180 3194 vana
203 3157 325 3215 queror:
348 3160 395 3200 me
418 3159 455 3200 ne
477 3140 526 3200 illa
548 3141 666 3219 quidem
690 3142 853 3201 communis
875 3138 1022 3198 alumnam

108 3217 244 3280 omnibus
265 3223 372 3281 iniecta
393 3224 480 3283 tellus
501 3222 656 3282 tmnulahit
678 3241 777 3282 arena.

108 3319 194 3360 mene
215 3303 293 3361 iuter
315 3314 423 3366 inatres
445 3305 649 3382 ancillarisque
671 3308 798 3374 teteritas,

108 3402 193 3443 inerte
216 3383 285 3445 alias
307 3388 384 3446 inter
406 3387 582 3447 farinularum
604 3405 727 3446 munere
749 3389 831 3462 iringi

109 3469 240 3547 coniugis
262 3476 349 3548 atque
370 3477 452 3539 tuae,
475 3487 677 3550 quaecumque
699 3472 754 3532 erit
776 3472 838 3552 illa,
865 3473 967 3535 beatae
1071 3477 1122 3530 445
