2400 3878
414 217 557 266 VERGILI
576 217 715 266 ECLOGA
737 218 760 265 V

209 376 337 443 murice,
367 375 424 433 iam
448 390 554 433 crocco
576 371 699 432 mutabit
721 371 827 432 vellera
848 371 924 441 luto;

208 468 314 536 sponte
333 475 385 517 sua
408 456 517 535 sandyx
539 457 685 533 pascentis
705 457 808 515 vestiet
829 473 928 533 agnos.
1060 468 1097 524 45

209 541 304 602 ‘Talta
326 537 433 600 saecla'
456 542 515 599 suis
538 540 674 599 dixerunt
695 537 831 598 ‘currite‘
855 539 925 599 lusis

208 624 368 686 concordes
390 621 485 683 stabili
506 622 633 682 latorum
655 623 776 683 numine
796 640 911 698 parcae.

207 707 414 793 Adgredereo
436 723 558 820 magnos
580 706 711 787 (aderit
703 723 761 765 ram
782 708 911 789 tempus)
930 708 1072 782 honores,

19 857 29 873 Ι,
52 845 66 857 ,
208 796 275 852 bara
298 791 384 851 deum
406 770 541 858 suboles,
563 792 703 866 magnum
723 789 797 848 lovis
819 791 1050 854 incrementum!

126 878 131 890 '
208 877 306 951 aspice
328 892 456 934 convexo
478 880 629 934 nutantem
650 873 781 950 pondere
803 874 954 945 muudum,
1057 889 1095 943 50

206 963 359 1035 terrasque
382 963 548 1034 tractusque
570 958 659 1017 maris
681 957 850 1054 caelumque
872 953 1063 1034 proinhdum,

207 1043 319 1119 aspice,
343 1048 466 1101 venturo
487 1040 631 1102 laetentur
653 1047 684 1101 ut
706 1041 802 1100 omnia
824 1041 935 1102 saeclo!

206 1143 222 1184 o
246 1125 315 1184 mihi
338 1133 399 1201 tum
420 1124 524 1208 longae
547 1131 662 1185 maneat
682 1142 751 1202 pars
773 1124 873 1185 ultima
894 1127 977 1197 vitae,

207 1209 325 1285 spiritus
341 1204 376 1268 et
398 1215 538 1285 quantum
560 1217 604 1268 sat
626 1193 680 1269 elit
703 1215 750 1267 tua
774 1209 871 1269 dicere
894 1210 983 1270 iacta.

126 1293 131 1305 '
207 1309 266 1351 non
289 1310 336 1351 me
359 1291 535 1352 carminibus
557 1293 652 1352 vincat
666 1309 720 1351 nec
736 1292 878 1353 Thracius
889 1292 1033 1371 Orpheus
1058 1307 1095 1360 55

208 1394 263 1436 nec
277 1376 381 1445 Linus,
402 1375 471 1435 huic
486 1381 579 1435 mater
594 1376 723 1454 quamvis
735 1382 821 1454 atque
832 1377 901 1437 huic
911 1383 994 1455 pater
1006 1376 1093 1449 adsit,

208 1459 329 1539 Orphei
340 1459 487 1538 Callopea,
534 1477 582 1527 mo
605 1461 770 1520 formonsus
791 1459 903 1538 Apollo.

205 1543 267 1604 Pan
290 1546 390 1623 edam,
414 1443 543 1687 hrcadja
559 1538 674 1627 me‘pum
695 1545 735 1603 si
734 1544 836 1604 iudice
857 1550 957 1614 certet,

204 1626 265 1687 Pan
289 1628 383 1688 etlam
386 1619 499 1688 ilreadi
540 1629 616 1690 dicat
637 1647 668 1688 se
689 1616 784 1688 iudice
805 1629 922 1705 victum

204 1710 313 1784 incipe,
336 1728 425 1785 parve
448 1726 534 1785 puer,
557 1713 617 1770 risu
640 1727 817 1784 cognoscere
839 1696 976 1769 matrem:
1057 1721 1096 1776 60

207 1792 293 1850 matri
314 1790 400 1868 longa
423 1792 525 1850 decem
547 1792 675 1851 tulerunt
696 1791 808 1848 fastidia
831 1808 954 1850 menses.

204 1873 320 1950 incipe,
342 1890 432 1950 parve
453 1890 541 1949 puer:
565 1875 611 1934 cui
633 1888 692 1932 non
713 1873 805 1930 risere
826 1878 971 1946 parentes,

207 1972 262 2015 uec
285 1955 356 2015 deus
378 1956 457 2015 hunc
478 1973 596 2028 mensa,
619 1955 673 2015 dea
694 1971 750 2012 nec
772 1953 887 2029 dignata
910 1952 1050 2015 cubileist.

491 2138 683 2148 .....--—-——-

572 2281 609 2367 V

390 2429 575 2478 itltltitmhs,
645 2431 774 2480 MOPSUS.

207 2531 280 2592 ME.
291 2529 349 2592 Cur
360 2547 429 2600 non,
441 2529 550 2607 Mopse,
563 2530 633 2590 boni
646 2532 782 2607 quoniam
795 2547 982 2592 convenimus
993 2529 1091 2602 ambo,

206 2621 240 2678 tu
261 2615 388 2676 calamos
409 2613 512 2675 inilare
533 2613 618 2685 leviS,
643 2632 697 2692 ego
720 2616 817 2676 dicere
839 2631 948 2684 versus,

208 2699 256 2760 hic
279 2699 384 2778 corylis
405 2700 509 2759 mixtas
530 2700 606 2759 inter
628 2700 812 2760 consedimus
834 2697 945 2758 ulmos?

207 2783 276 2843 ΜΟ.
301 2783 346 2841 Τιι
360 2784 469 2848 maior;
492 2780 544 2841 tibi
558 2800 606 2841 me
628 2788 671 2841 est
690 2800 792 2842 aecum
808 2798 927 2856 parere,
951 2779 1092 2852 Menalca,

209 2866 268 2925 sive
290 2862 343 2924 sub
366 2866 492 2923 incertas
513 2864 647 2941 zephyris
668 2863 846 2924 motantibus
866 2861 995 2932 umbras,
1075 2874 1093 2928 5

210 2949 269 3007 sive
292 2953 375 3007 antro
397 2948 494 3022 potius
516 2947 707 3006 succedimus.
752 2948 863 3023 aspice,
886 2954 919 3007 ut
940 2952 1056 3007 antrum

209 3029 346 3091 silvestris
368 3031 442 3089 raris
463 3030 570 3108 sparsit
590 3029 725 3090 labrusca
747 3032 879 3090 racemis.

210 3115 279 3176 ME.
309 3113 455 3174 Montibus
475 3115 506 3173 in
528 3115 634 3173 nostris
656 3112 736 3174 solus
758 3115 808 3174 tibi
831 3119 923 3174 certat
943 3114 1091 3191 Amyntas.

206 3198 276 3260 ΜΟ.
300 3197 384 3268 Quid,
401 3200 426 3259 si
437 3198 514 3258 idem
526 3204 617 3258 certet
628 3197 779 3259 Phoebum
791 3215 931 3273 superare
944 3197 1094 3257 canendo?

208 3282 279 3342 ME.
302 3281 410 3360 Incipe,
420 3282 528 3359 lllopsc,
540 3282 629 3359 prior,
642 3283 740 3358 siquos
752 3290 801 3342 aut
812 3278 949 3359 Phyllidis
960 3281 1043 3356 ignes
1059 3293 1095 3344 10

209 3371 259 3426 aut
279 3364 395 3427 Alconis
416 3365 507 3426 habes
528 3365 629 3426 laudes
650 3371 700 3425 aut
720 3367 813 3443 iurgia
836 3363 931 3423 Codri.

209 3449 319 3528 incipe;
342 3452 487 3526 pascentis
509 3448 635 3510 servabit
656 3448 773 3527 Tityrus
794 3447 912 3508 haedos.
