2454 3936
143 213 203 274 104
485 222 628 270 venetur
651 221 777 271 Annum
802 221 812 268 1

143 376 275 446 vocibus3
299 387 327 438 et
349 395 469 448 vereor,
493 395 551 456 quo
572 395 605 439 se
623 379 744 439 Iunonia
763 385 877 438 vertant

143 461 280 538 hospitia;
304 462 375 523 haut
398 468 478 522 tanto
502 461 627 523 cessabit
649 461 768 522 cardine
790 479 899 522 rerum.

143 546 279 624 quocirca
302 563 409 624 capere
432 551 499 606 ante
518 544 592 605 dolis
616 553 645 606 et
666 546 784 623 cingere
805 545 922 606 llamma

141 630 273 706 reginam
293 629 434 699 meditor,
457 646 555 706 nequo
578 646 611 688 se
632 631 752 689 numine
774 637 880 698 mutet,

141 713 192 773 sed
216 731 322 791 magno
342 713 459 774 Aeneae
479 730 595 772 mecum
614 720 749 773 teneatur
771 730 882 773 amoro.

142 815 197 875 qua
218 796 316 858 lacere
339 797 368 857 id
389 797 498 874 possis,
521 803 652 856 nostram
676 814 756 857 nunc
777 797 878 874 accipe
898 806 1035 858 mentem.

140 880 241 956 regius
263 882 358 940 accitu
378 881 438 940 cari
460 879 601 957 genitoris
621 879 657 939 ad
680 879 785 940 urbem

141 963 289 1024 Sidoniam
314 980 389 1042 puer
410 965 454 1025 ire
474 970 573 1042 parat,
594 981 659 1023 mea
681 965 807 1025 maxima
826 982 911 1032 cura,

141 1046 217 1106 dona
238 1046 336 1107 terens
356 1046 460 1124 pelage
480 1054 509 1108 ot
530 1045 654 1106 llammis
674 1049 813 1108 restantia
834 1046 955 1116 Troiam

140 1129 221 1190 hunc
244 1146 298 1206 ego
320 1131 447 1207 sopitum
469 1147 573 1190 somno
596 1147 685 1208 super
707 1130 764 1191 alta
786 1131 910 1210 Cythera

140 1220 190 1274 aut
211 1230 300 1291 super
325 1212 447 1273 ldalium
466 1221 577 1273 sacrata
599 1214 669 1274 sede
687 1215 862 1285 recondam,

140 1315 234 1376 nequa
258 1299 335 1359 scire
356 1295 439 1356 dolos
461 1297 609 1359 mediusve
631 1316 790 1360 occurrere
809 1299 909 1376 possit.

139 1390 171 1441 tu
194 1382 298 1442 taciem
319 1380 396 1441 illius
413 1390 531 1442 noctem
552 1399 612 1441 non
634 1381 758 1460 amplius
780 1401 869 1444 unam

140 1464 207 1526 falle
230 1465 297 1526 dolo
319 1474 348 1526 et
369 1472 454 1526 notos
475 1466 559 1543 pueri
580 1483 654 1542 puer
676 1466 765 1528 indue
786 1467 895 1536 voltus,

140 1557 186 1618 ut,
217 1569 285 1610 cum
306 1557 335 1610 to
358 1551 472 1626 gremio
494 1550 616 1627 accipiet
634 1549 790 1611 laetissima
809 1551 881 1612 bido

140 1631 247 1710 regalis
269 1636 345 1693 inter
364 1650 481 1694 mensas
498 1631 673 1710 laticemque
695 1634 855 1713 Lyaeum,

141 1733 207 1776 cum
231 1715 311 1775 dabit
332 1716 483 1793 amplexus
506 1725 593 1794 atque
613 1716 711 1778 oscula
735 1717 829 1778 dulcia
853 1719 937 1795 liget,

140 1797 288 1859 occultum
310 1800 435 1875 inspires
458 1801 556 1874 ignem
575 1798 715 1877 fallasque
734 1799 872 1861 veneno‘

139 1889 224 1959 paret
244 1881 333 1940 Amor
352 1881 435 1941 dictis
458 1898 543 1941 carae
564 1884 733 1957 genetricis,
756 1890 785 1944 et
804 1883 865 1943 alas

140 1965 219 2025 exuit
241 1972 270 2025 et
290 1981 394 2042 gressu
415 1963 547 2041 gaudens
566 1965 674 2026 incedit
694 1964 757 2026 luli.

139 2056 168 2109 at
189 2048 288 2109 Venus
309 2048 432 2108 Ascanio
454 2047 597 2125 placidam
619 2067 672 2126 per
695 2049 828 2110 membra
851 2049 979 2127 quietem

139 2134 260 2209 inrigat,
284 2140 314 2193 et
335 2130 428 2192 lotum
451 2135 563 2208 gremio
585 2133 639 2193 dea
659 2133 734 2194 tollit
751 2134 779 2193 in
804 2132 877 2193 altos

139 2215 247 2276 idaliae
268 2215 365 2285 lucos,
389 2214 440 2276 ubi
462 2214 558 2275 mollis
580 2234 733 2278 amaracus
752 2216 833 2277 illum

139 2298 262 2360 lloribus
285 2307 314 2360 et
335 2297 413 2359 dulci
433 2298 585 2376 adspirans
606 2301 810 2379 complectitur
828 2299 944 2362 umbra.

139 2382 254 2462 iamque
278 2383 338 2445 ibat
358 2383 435 2444 dicto
455 2399 562 2460 parens
585 2391 613 2446 et
634 2384 709 2445 dona
728 2385 840 2463 Cupido

140 2469 220 2546 regia
242 2468 378 2546 portabat
396 2467 490 2546 Tyriis
513 2467 587 2530 duce
609 2468 703 2529 laetus
724 2468 844 2530 Achate.

140 2570 207 2613 cum
228 2554 320 2622 venit,
344 2549 452 2613 aulaeis
471 2553 529 2612 iam
550 2570 582 2614 se
601 2554 703 2631 regina
724 2552 860 2632 superbis

140 2654 228 2697 aurea
252 2638 416 2714 composuit
437 2636 548 2714 sponda
572 2636 755 2716 mediamque
777 2637 896 2705 locavit;

139 2722 197 2781 iam
219 2730 301 2798 pater
324 2722 436 2781 teneas
459 2728 487 2780 et
505 2722 562 2780 iam
581 2721 708 2782 Troiana
728 2723 862 2782 iuventus

140 2805 330 2872 conveniunt,
354 2811 503 2880 stratoque
527 2821 617 2881 super
639 2804 831 2865 discumbitur
854 2810 944 2863 ostro.

140 2885 211 2945 dant
230 2884 365 2945 manibus
388 2885 487 2944 tantuli
509 2884 656 2964 lymphas,
694 2904 885 2963 cereremque
906 2884 1041 2945 canistris

141 2968 312 3045 expediunt,
336 2968 486 3046 tonsisque
507 2969 606 3028 ferunt
628 2969 761 3030 mantelia
784 2968 866 3030 villis.

141 3051 350 3130 quinquaginta
373 3052 451 3110 intus
469 3050 609 3120 famulae,
632 3052 738 3130 quibus
755 3052 858 3112 ordine
873 3050 990 3128 longam

141 3153 211 3196 cura
233 3152 343 3213 penum
365 3141 494 3204 struere,
517 3145 545 3195 et
566 3136 691 3196 llammis
713 3135 830 3197 adolere
853 3142 989 3213 penalem

140 3227 259 3279 centum
281 3217 354 3279 aliae
376 3219 555 3296 totidemque
579 3237 665 3298 pares
691 3228 785 3281 aetate
806 3219 948 3289 ministri,

140 3304 190 3382 qui
211 3301 336 3380 dapibus
353 3319 468 3363 mensas
490 3312 614 3365 onerent
636 3312 665 3364 et
685 3302 790 3382 pocula
812 3309 931 3380 ponant.

139 3403 196 3448 nec
219 3405 278 3446 non
301 3395 329 3448 et
351 3387 431 3466 Tyrii
451 3404 506 3463 per
527 3387 626 3449 limina
648 3387 724 3449 laeta
741 3389 910 3466 frequentes

139 3487 318 3542 convenere,
344 3472 415 3535 toris
438 3472 507 3532 iussi
531 3473 717 3534 discumbere
734 3473 829 3551 pictis.
