2400 3878
99 182 159 246 140
430 192 572 240 vneumr
593 193 717 240 ιιιιιιιιε
740 192 779 240 ιιι

55 393 60 401 -
97 364 126 411 et
146 349 247 428 positis
268 349 326 408 aris
348 349 405 408 iam
429 354 494 406 vota
515 347 544 405 in
566 346 652 407 litore
673 344 781 415 solves,

96 450 247 511 purpureo
262 431 360 492 velare
382 447 481 492 comas
500 430 658 507 adopertus
675 433 797 499 amictu,

96 535 192 594 nequa
213 518 290 576 inter
312 524 427 576 sanctos
449 515 525 590 ignis
546 516 576 573 in
598 514 712 575 honore
733 514 856 576 deorum

96 598 208 659 hostilis
230 599 319 660 iacies
343 604 480 660 occurrat
502 604 531 656 et
550 600 647 658 omina
668 597 776 658 turbet.

95 683 174 745 huuc
194 682 265 742 socii
286 701 400 743 morem
420 698 587 751 sacrorum,
610 681 689 742 hunc
708 684 770 759 ipse
793 689 904 749 teneto,

95 766 151 827 hac
168 767 240 826 casti
259 775 394 827 maneant
415 769 445 827 in
463 763 604 843 religione
626 775 789 848 nepotesf

96 858 139 910 ast
160 850 212 911 ubi
236 850 400 928 digressum
419 848 533 913 Siculae
554 861 583 911 te
604 850 765 910 admoverit
785 868 855 910 orae

95 943 198 993 ventus
216 941 245 994 et
262 936 377 1011 angusti
398 942 550 995 rarescent
572 934 698 996 claustra
719 932 833 1001 Pelori,

91 1017 174 1079 laeva
196 1018 248 1078 tibi
268 1017 354 1079 tellus
377 1025 405 1079 et
424 1017 512 1096 longo
533 1017 614 1078 laeva
636 1024 772 1096 petantur

96 1118 223 1178 aequora
246 1104 386 1172 circuitu,
409 1103 545 1164 dextrum
565 1102 633 1180 iuge
651 1102 719 1162 litus
741 1110 770 1161 et
790 1101 892 1162 undas.

96 1184 168 1244 haec
190 1184 255 1246 loca
276 1186 304 1246 vi
322 1186 470 1264 quondam
489 1197 518 1248 et
539 1195 618 1246 vasta
640 1184 777 1246 convolsa
798 1187 883 1246 ruina

97 1268 219 1347 (tantum
241 1271 302 1330 aevi
322 1270 479 1349 longinqua
501 1269 577 1330 valet
598 1279 712 1330 mutare
735 1274 872 1344 vetustas)

97 1350 253 1414 dissiluisse
275 1353 386 1423 lerunt,
411 1373 478 1415 oum
499 1355 632 1433 protinus
653 1363 778 1432 utraque
799 1353 884 1414 tellus

99 1453 155 1496 una
173 1436 263 1498 ioret.
286 1440 364 1498 venit
385 1440 481 1500 medio
502 1441 529 1498 vi
550 1448 657 1517 pontus
677 1446 706 1498 et
726 1436 812 1497 undis

99 1518 270 1598 hesperium
292 1522 390 1583 Siculo
405 1522 480 1584 latus
501 1522 638 1591 abscidit,
661 1539 788 1599 arvaque
811 1529 839 1580 et
857 1519 946 1581 urbes

93 1598 180 1664 litore
201 1604 332 1666 diductas
354 1618 477 1684 angusto
499 1605 630 1668 interluit
651 1614 741 1666 aestu.

96 1687 231 1747 dextrum
253 1688 348 1769 Scylla
370 1690 459 1761 latus,
483 1692 596 1752 laevom
613 1689 756 1768 inplacata
778 1688 938 1768 Charybdis

96 1769 223 1839 obsidet,
247 1775 361 1851 atque
353 1793 412 1835 nno
436 1774 598 1834 barathrit
586 1782 631 1833 ter
654 1774 768 1850 gurgite
789 1779 885 1832 vastos

95 1853 224 1914 sorbet
216 1873 247 1915 ιιι
270 1856 428 1934 abruptum
450 1858 557 1918 linctus
578 1874 741 1935 rursusque
763 1855 817 1916 sub
840 1872 925 1917 auras

96 1939 183 2014 erigit
205 1939 332 1999 alternos
355 1951 383 2001 et
405 1942 499 2002 sidera
519 1940 657 2001 verberat
677 1940 765 2000 unda

96 2028 125 2081 at
149 2021 274 2100 Scyllam
296 2027 389 2086 caecis
412 2025 529 2087 cohibet
546 2025 686 2103 spelunea
704 2023 823 2085 latebris

96 2122 147 2166 ora
171 2114 351 2168 exertantem
370 2116 399 2169 et
416 2111 496 2170 navis
517 2112 549 2170 in
570 2127 638 2169 sara
659 2107 834 2168 trahentem.

95 2190 189 2266 prima
210 2190 336 2252 hominis
357 2194 446 2254 iacies
468 2202 497 2255 et
518 2193 642 2271 pulchro
662 2200 783 2269 pectore
803 2191 908 2269 virgo

94 2273 173 2350 pube
195 2282 295 2345 tenus,
323 2279 499 2353 postrema
491 2279 611 2338 numani
631 2294 756 2354 corpore
775 2276 877 2354 pistrix

95 2356 266 2434 delphinum
288 2360 395 2421 caudas
417 2369 503 2422 utero
521 2361 675 2421 commissa
697 2358 881 2452 luporum.

94 2448 239 2517 praestat
236 2442 385 2505 Trinacrii
403 2453 495 2506 metas
517 2444 574 2505 lust
562 2453 643 2505 trare
664 2443 793 2522 Pachyni

95 2533 256 2587 cessantem
277 2526 381 2605 longos
403 2537 431 2590 et
454 2529 685 2590 circumflectere
707 2544 824 2596 cursus,

8 2648 14 2657 ·
96 2627 182 2688 quam
204 2611 296 2674 semel
316 2613 472 2675 informem
493 2622 573 2673 vasto
594 2613 701 2673 vidisse
722 2609 777 2670 sub
797 2618 881 2670 antro

94 2692 219 2772 Scyllam
241 2703 269 2755 et
288 2697 430 2758 caeruleis
453 2697 575 2758 canibus
596 2695 763 2758 resonantia
786 2711 864 2754 sara.

94 2786 247 2853 praeterea
270 2781 352 2857 siqua
372 2789 416 2842 est
437 2781 547 2841 lieleno
570 2781 742 2858 prudentia,
765 2780 822 2840 vati

94 2862 175 2937 siqua
195 2862 280 2933 fides,
302 2864 432 2924 animum
454 2866 479 2922 si
499 2864 575 2924 veris
592 2862 694 2940 implet
714 2862 833 2939 Apollo,

93 2961 185 3003 unum
207 2943 277 3004 illud
300 2945 367 3016 tibi,
388 2953 455 3007 nate
475 2947 543 3015 dea,
565 2962 680 3022 proque
701 2946 836 3006 omnibus
858 2961 950 3005 unum

93 3027 259 3105 praedicam
284 3037 312 3088 et
333 3037 470 3105 repetens
491 3031 657 3108 iterumque
677 3030 843 3108 iterumque
863 3026 1007 3088 monebo:

93 3110 212 3172 lunonis
232 3129 355 3191 magnae
375 3114 502 3190 primum
518 3131 608 3191 prece
627 3131 737 3174 numen
758 3113 862 3181 adora,
915 3138 918 3145 ·

93 3193 197 3255 lunoni
218 3214 290 3257 cane
312 3205 377 3258 vota
400 3196 493 3258 libens
515 3197 721 3297 dominamque
738 3204 887 3275 potentem

94 3278 273 3357 supplicibus
297 3298 402 3358 supera
424 3281 523 3350 donis,
552 3284 594 3341 sic
615 3281 742 3361 denique
764 3283 856 3342 vietor

92 3360 244 3424 Trinacria
267 3364 332 3424 finis
348 3365 435 3426 Italos
453 3367 569 3427 mittere
587 3365 697 3426 relicta.

92 3444 150 3507 buc
169 3447 220 3508 ubi
239 3447 351 3509 delatus
373 3448 526 3525 Cymaeam
548 3449 706 3511 accesseris
725 3447 830 3509 urbem
