2400 3878
310 174 313 180 ’
404 201 547 248 eunoun
569 201 732 249 auunxsv

62 359 199 420 ‘lunonis
221 358 315 436 gravis
336 359 379 417 ira
398 374 493 433 neque
513 354 706 428 exsaturabile
727 363 829 433 pectus

64 451 171 519 cogunt
191 459 252 509 me,
276 440 423 516 Neptune,
446 456 549 515 preces
571 437 748 499 descendere
770 439 800 498 in
822 438 930 506 omnis,

62 542 149 603 quaxn
171 542 226 584 nec
246 523 332 600 longa
355 521 415 582 dies
436 522 527 598 pietas
548 539 603 580 nec
625 522 736 597 mitigat
753 520 827 589 ulla,

63 625 118 667 nec
141 606 215 666 lovis
237 606 359 682 imperio
382 603 506 680 latisque
527 605 649 663 infracta
669 606 799 681 quiescit.

62 707 120 748 non
142 689 237 749 media
258 688 294 748 de
316 695 403 764 gente
421 687 569 766 Phrygum
591 686 720 746 exedisse
740 688 871 747 nefandis

63 773 167 833 urbem
188 771 261 832 odiis
279 773 348 831 satis
370 778 413 830 est
436 788 491 830 nec
513 787 638 847 poenam
661 779 743 830 traxe
764 789 817 847 per
838 787 968 830 omnem:

62 855 198 932 reliquias
220 855 340 923 Troiae,
361 855 474 914 cineres
495 862 582 930 atque
606 870 671 914 ossa
692 862 861 935 peremptae

62 939 234 1015 insequitur.
279 955 380 997 causas
399 937 471 995 tanti
489 937 561 995 sciat
581 935 628 996 illa
651 935 769 997 luroris.

62 1023 124 1098 ipse
146 1021 216 1080 mihi
238 1038 333 1098 nuper
353 1019 467 1098 Libyeis
488 1027 519 1079 tu
537 1020 619 1079 testis
640 1020 669 1079 in
689 1020 788 1088 undis,

63 1115 150 1182 quain
169 1103 277 1163 molem
298 1102 395 1163 subito
418 1103 550 1177 excierit:
573 1103 664 1162 maria
692 1105 788 1163 omnia
811 1103 890 1164 caelo

62 1188 190 1256 miscuit,
212 1185 319 1246 Aeoliis
339 1188 517 1263 nequiquam
539 1185 612 1246 freta
633 1185 784 1262 procellis,

63 1272 92 1329 in
110 1271 210 1347 regnis
228 1269 286 1329 hoc
307 1287 376 1330 ausa
397 1271 462 1329 tuis.

62 1370 116 1430 per
138 1353 232 1413 scelus
254 1370 322 1413 ecce
340 1353 426 1412 etiam
448 1352 582 1413 Troianis
603 1353 745 1413 matribus
765 1354 835 1413 actis

63 1437 171 1496 exussit
193 1436 278 1496 loede
299 1435 421 1513 puppis,
445 1444 473 1495 et
495 1437 586 1496 classe
607 1435 720 1512 subegit

63 1521 167 1580 amissa
187 1520 281 1578 socios
301 1521 417 1592 ignotae
437 1516 570 1596 linquere
592 1527 698 1578 terrae.

63 1602 140 1680 quod
161 1610 296 1680 superest
319 1619 371 1660 oro
393 1600 477 1661 liceat
498 1602 569 1661 dare
590 1608 652 1661 tuta
672 1619 727 1678 per
749 1601 841 1660 undas

62 1686 125 1745 vela
146 1684 214 1754 tibi,
237 1684 322 1745 liceat
343 1684 518 1745 Laurentem
540 1685 682 1761 attingere
703 1683 858 1762 Thybrim,

63 1769 88 1829 si
109 1785 247 1828 concessa
268 1776 352 1846 peto,
376 1770 401 1827 si
421 1767 490 1827 dant
510 1787 544 1828 ea
563 1768 678 1827 moenia
699 1765 829 1845 parcae'

63 1858 125 1911 tum
146 1850 299 1911 Saturnius
317 1850 390 1910 haec
407 1851 532 1911 domitor
546 1852 644 1911 'maris
666 1851 755 1911 edidit
775 1849 838 1910 alti:

64 1935 124 1994 ‘las
146 1952 232 1994 omne
254 1940 313 2002 est,
337 1934 493 2014 Cytherea,
515 1935 587 1995 meis
608 1941 637 1994 te
656 1934 748 1995 fidere
767 1934 881 2010 regnis,

63 2017 141 2077 unde
162 2034 255 2095 genus
274 2016 364 2077 ducis.
408 2020 502 2079 merui
524 2036 656 2097 quoque:
677 2036 766 2095 saepe
787 2018 903 2077 furores

64 2102 223 2178 compressi
244 2110 272 2159 et
293 2100 405 2161 rabiem
425 2110 533 2162 tantam
556 2101 687 2179 caehque
703 2101 858 2178 marisque.

63 2201 118 2244 nec
138 2184 234 2243 minor
255 2184 284 2243 in
306 2185 392 2244 terris
415 2184 572 2262 (Xanthum
594 2185 799 2261 Simoentaque
819 2184 920 2262 testor)

63 2268 178 2327 Aeneae
195 2265 266 2345 xnihi
287 2284 357 2327 cura
379 2270 430 2328 tui.
474 2287 540 2328 cum
563 2269 651 2328 Troia
671 2267 797 2328 Achilles

64 2351 224 2409 exanimata
247 2366 372 2426 sequens
392 2353 555 2431 inpingeret
576 2353 691 2428 agmina
713 2352 820 2418 muris,

64 2431 141 2492 milia
161 2431 251 2491 multa
270 2432 353 2491 daret
372 2432 445 2502 leto,
469 2441 676 2511 gemerentque
698 2432 801 2510 repleti

64 2532 179 2582 amnes,
201 2532 256 2574 nec
277 2517 409 2590 reperire
429 2517 503 2575 viam
525 2525 611 2594 atque
631 2517 763 2577 evolvere
783 2524 881 2593 posset

64 2599 93 2656 in
115 2614 196 2656 mare
218 2615 250 2656 se
270 2596 416 2667 Xanthus,
439 2598 555 2658 Pelidae
575 2608 643 2660 tunc
666 2618 721 2676 ego
743 2601 810 2659 lorti

64 2696 256 2757 congressum
277 2680 395 2740 Aenean
416 2698 472 2741 nec
492 2681 536 2741 dis
557 2699 612 2743 neo
630 2683 741 2743 viribus
762 2685 862 2759 aequis

64 2762 144 2823 nube
166 2779 234 2822 cava
256 2764 355 2839 rapui,
379 2782 518 2842 cuperem
541 2783 608 2825 oum
629 2777 744 2827 vertere
764 2765 799 2824 ab
822 2768 879 2826 imo
978 2789 984 2802 ·
1022 2773 1074 2827 elo
1136 2767 1139 2772 ’

64 2853 173 2906 structa
192 2847 265 2906 meis
285 2846 418 2908 manibus
439 2848 574 2926 periurae
596 2851 709 2909 moenia
730 2849 845 2909 Troiae.

64 2947 141 2989 nunc
163 2947 281 3008 quoque
297 2928 380 2990 mens
402 2931 503 2993 eadem
525 2940 633 3009 perstat
653 2932 740 3001 mihi,
761 2932 837 3010 pelle
859 2935 987 2994 timores.

63 3019 142 3072 tutus
162 3031 235 3091 quos
257 3021 340 3090 optas
365 3024 468 3094 portus
486 3015 604 3075 accedet
622 3017 737 3075 Averni.

64 3112 139 3154 unus
161 3097 215 3155 erit
236 3103 362 3172 tantum,
385 3100 522 3158 amissum
546 3117 633 3176 quem
652 3101 766 3174 gurgite
789 3105 926 3176 quaeret;

64 3195 155 3237 unum
176 3195 229 3254 pro
252 3179 349 3238 multis
371 3181 487 3241 dabitur
508 3180 618 3259 caput.'
1021 3186 1071 3244 81⁶

64 3261 108 3319 his
129 3258 181 3319 ubi
198 3259 272 3320 laeta
293 3261 366 3324 deae
383 3262 536 3341 permulsit
552 3271 672 3343 pectora
694 3263 791 3333 dictis,

61 3344 156 3418 iungit
177 3360 266 3420 equos
288 3362 360 3405 auro
381 3349 496 3422 genitor
517 3348 740 3424 spumantiaque
761 3346 841 3407 addit

64 3427 147 3485 irena
168 3425 238 3486 feris
260 3428 450 3506 manibusque
473 3431 566 3489 omnis
586 3429 707 3489 ellundlt
726 3429 863 3490 habenas.
