2400 3878
120 209 182 272 292
457 221 598 269 vnnomr
620 220 744 267 arums
766 219 790 266 x

123 377 219 440 caedit
240 377 416 437 semianimis
438 373 613 435 Rutulorum
636 372 765 435 calcibus
786 391 864 435 arra.

121 478 156 522 ac
177 459 256 521 velut
277 469 375 537 optato
397 459 490 518 ventis
509 465 617 518 aestate
639 459 746 518 coortis

122 544 254 623 dispersa
275 543 392 603 inmittit
413 541 491 602 silvis
511 541 646 602 incendia
664 551 764 618 pastor

123 627 276 706 (correptis
297 625 393 686 subito
414 625 518 686 mediis
540 625 704 686 extenditur
724 641 783 684 una

124 709 244 773 horrida
263 727 318 788 per
339 707 413 770 latos
433 710 510 769 acies
530 706 666 769 Volcania
689 723 821 785 campos;

125 791 172 854 ille
193 793 298 854 sedens
319 793 411 853 victor
430 791 562 852 dammas
585 791 734 869 despectat
752 791 890 869 ovantis):

123 894 183 936 non
203 876 287 937 allter
309 877 421 936 socium
440 877 533 936 virtus
554 875 613 935 coit
634 875 729 934 omnis
745 875 775 934 in
795 891 888 934 unum

124 968 211 1038 teque
232 961 319 1029 iuvat,
341 957 430 1020 Palla.
461 958 513 1020 sed
526 957 610 1020 bellis
630 975 699 1018 acer
721 957 861 1018 Halaesus

123 1043 216 1104 tendit
236 1043 266 1102 in
287 1042 425 1102 adversos
443 1060 533 1121 seque
554 1043 585 1102 iu
604 1059 656 1102 sua
678 1039 788 1118 colligit
808 1057 898 1107 arma.

123 1125 172 1187 hic
187 1134 294 1186 mactat
313 1125 432 1186 Ladona
452 1125 635 1203 Pheretaque
656 1124 922 1204 Demodocumque,

124 1209 291 1288 Strymonio
310 1209 441 1269 dextram
462 1207 585 1285 fulgenti
603 1207 709 1286 deripit
730 1208 800 1269 suso

125 1290 231 1353 elatam
248 1292 279 1351 iu
300 1291 442 1370 iugulum,
464 1310 534 1352 saxo
556 1292 624 1354 ierit
645 1309 697 1352 ora
718 1291 858 1353 Thoantis

125 1393 249 1453 ossaque
269 1375 405 1454 dispersit
426 1375 550 1436 cerebro
567 1377 713 1456 permixta
735 1383 866 1436 cruento.

125 1459 184 1519 lata
205 1476 311 1519 mvens
331 1457 409 1519 silvis
430 1462 545 1538 genitor
565 1458 674 1521 celarat
694 1457 864 1520 Halaesum:

126 1553 159 1604 ut
176 1543 274 1604 senior
295 1541 354 1603 leto
376 1543 508 1604 canentia
529 1541 639 1604 lumina
660 1542 752 1612 solvit,

125 1627 254 1687 lulecere
275 1644 394 1687 manum
416 1645 523 1706 parcae
542 1627 665 1706 telisque
686 1634 838 1686 sacrarunt

125 1709 265 1772 Euandri.
296 1727 385 1789 quem
403 1711 445 1771 sic
465 1709 560 1772 PaHas
577 1711 649 1790 petit
670 1718 737 1770 ante
754 1717 906 1788 precatus:

127 1792 177 1852 ‘da
200 1811 288 1863 nunc,
310 1793 420 1871 Thybri
438 1802 531 1872 pater,
553 1796 643 1862 ferro,
666 1794 744 1872 quod
764 1791 872 1853 missile
894 1791 980 1864 libro,

126 1876 274 1936 lortunam
297 1885 384 1953 atque
405 1878 480 1936 viam
502 1876 569 1938 duri
587 1895 641 1954 per
662 1886 765 1955 pectus
784 1874 909 1936 Halaesi.

125 1958 199 2019 haec
220 1977 301 2019 arma
324 1959 498 2038 exuviasque
516 1962 571 2021 viri
590 1968 640 2020 tna
662 1976 789 2037 quercus
808 1956 947 2021 habehit'

127 2042 217 2101 audiit
233 2041 284 2103 illa
306 2043 394 2103 deus:
418 2042 488 2103 dum
510 2045 580 2104 texlt
605 2044 723 2104 lmaona
742 2042 892 2112 Halaesus,

126 2125 250 2186 Arcadio
272 2124 373 2186 inlelix
393 2124 451 2185 telo
473 2126 522 2186 dat
540 2135 644 2205 pectus
663 2127 820 2186 inermum.

128 2216 157 2267 at
178 2225 238 2267 non
261 2208 351 2269 caede
372 2210 428 2269 rlrl
450 2216 529 2270 tauta
550 2210 706 2288 perterrita
724 2209 844 2280 Lausus,

127 2308 196 2369 pars
214 2292 319 2368 ingens
336 2290 415 2361 belli,
436 2293 503 2352 sinit
524 2296 655 2370 agmina:
675 2295 789 2372 primus
809 2293 953 2355 Abantem

128 2376 295 2453 opposltum
317 2376 465 2445 interimit,
488 2395 604 2456 pugnae
622 2378 789 2458 nodumque
809 2394 989 2456 moramque.

127 2459 267 2518 sternitur
287 2459 427 2519 Arcadiae
446 2458 553 2537 proles,
573 2470 743 2524 sternuntur
764 2462 880 2523 Etrusci

128 2550 157 2602 et
179 2559 238 2611 vos,
258 2560 276 2600 o
299 2543 382 2605 Grais
404 2544 549 2621 inperdita
571 2564 704 2626 corpora,
726 2544 843 2607 Teucri.

128 2627 245 2701 agmina
266 2637 446 2687 concurrunt
467 2627 648 2710 ducibusque
667 2638 696 2690 et
716 2628 827 2690 viribus
849 2630 958 2707 aetpxls.

129 2710 252 2769 extremi
275 2710 435 2771 addensent
452 2711 529 2773 acies
549 2731 605 2774 nec
624 2713 712 2774 turha
730 2714 842 2774 movorl

128 2789 186 2851 tela
207 2810 368 2871 manusque
389 2795 465 2854 eluit.
501 2795 570 2857 hinc
590 2797 684 2858 Pallas
705 2797 793 2857 instat
814 2802 843 2857 et
863 2805 957 2872 urget,

129 2873 197 2934 hinc
216 2885 318 2935 contra
338 2876 458 2944 Lausus.
482 2895 538 2939 nec
555 2880 678 2940 multum
701 2880 845 2957 discrepat
866 2885 959 2939 aetas:

129 2956 239 3032 egregii
261 2959 364 3026 lorma,
387 2957 438 3019 sed
452 2959 515 3037 quis
537 2960 667 3023 Fortuna
688 2968 810 3040 negarat

129 3041 159 3100 in
178 3041 300 3116 patriam
319 3039 441 3102 reditus.
473 3042 551 3119 ipsos
571 3062 749 3107 concurrere
767 3061 870 3122 passus

129 3122 198 3182 haut
221 3131 319 3182 tamen
340 3123 416 3184 iuter
438 3142 469 3185 se
492 3129 590 3206 magni
611 3138 748 3209 regnator
771 3125 898 3205 Olympi:

129 3224 197 3265 mox
220 3204 285 3266 illos
306 3224 359 3267 sua
380 3207 439 3269 fata
458 3219 577 3271 manent
598 3213 709 3274 maiore
726 3209 780 3270 sub
803 3210 895 3271 hoste.

171 3289 285 3350 Interea
305 3307 390 3351 soror
411 3290 486 3352 alma
508 3305 606 3356 monet
624 3293 783 3356 succedere
805 3293 899 3353 Lauso

130 3372 272 3443 Turnum,
295 3376 345 3452 qui
364 3374 475 3436 volucri
498 3395 587 3438 curru
608 3378 736 3438 medium
757 3387 836 3438 secat
860 3395 974 3456 agmen.

131 3464 162 3515 ut
183 3456 252 3516 vidit
271 3459 375 3528 socios,
399 3468 530 3537 ‘tempus
552 3462 692 3523 desistere
709 3479 840 3541 pugnae:
