<?xml version="1.0" encoding="UTF-8"?>
<!DOCTYPE html PUBLIC "-//W3C//DTD XHTML 1.0 Transitional//EN"
    "http://www.w3.org/TR/xhtml1/DTD/xhtml1-transitional.dtd">
<html xmlns="http://www.w3.org/1999/xhtml" xml:lang="en" lang="en">
 <head>
  <title>
</title>
<meta http-equiv="Content-Type" content="text/html;charset=utf-8" />
  <meta name='ocr-system' content='tesseract 3.04.00' />
  <meta name='ocr-capabilities' content='ocr_page ocr_carea ocr_par ocr_line ocrx_word'/>
</head>
<body>
  <div class='ocr_page' id='page_1' title='image "./operainusumscho00virggoog_0293.png"; bbox 0 0 2454 3936; ppageno 0'>
   <div class='ocr_carea' id='block_1_1' title="bbox 405 218 778 267">
    <p class='ocr_par' dir='ltr' id='par_1_1' title="bbox 405 218 778 267">
     <span class='ocr_line' id='line_1_1' title="bbox 405 218 778 267; baseline 0 -2"><span class='ocrx_word' id='word_1_1' title='bbox 405 219 548 267; x_wconf 78' lang='lat' dir='ltr'>VERGILI</span> <span class='ocrx_word' id='word_1_2' title='bbox 571 218 694 267; x_wconf 75' lang='lat' dir='ltr'>anulus</span> <span class='ocrx_word' id='word_1_3' title='bbox 714 219 778 266; x_wconf 84' lang='lat' dir='ltr'>VIII</span> 
     </span>
    </p>
   </div>
   <div class='ocr_carea' id='block_1_2' title="bbox 11 373 1103 3559">
    <p class='ocr_par' dir='ltr' id='par_1_2' title="bbox 11 373 1103 3559">
     <span class='ocr_line' id='line_1_2' title="bbox 86 373 890 456; baseline -0.006 -17"><span class='ocrx_word' id='word_1_4' title='bbox 86 377 212 439; x_wconf 74' lang='lat' dir='ltr'>Arcadas</span> <span class='ocrx_word' id='word_1_5' title='bbox 232 375 302 436; x_wconf 92' lang='lat' dir='ltr'>huic</span> <span class='ocrx_word' id='word_1_6' title='bbox 326 376 438 456; x_wconf 80' lang='lat' dir='ltr'>equites</span> <span class='ocrx_word' id='word_1_7' title='bbox 456 375 502 435; x_wconf 89' lang='lat' dir='ltr'>bis</span> <span class='ocrx_word' id='word_1_8' title='bbox 527 382 655 443; x_wconf 87' lang='lat' dir='ltr'>centum,</span> <span class='ocrx_word' id='word_1_9' title='bbox 678 374 788 434; x_wconf 86' lang='lat' dir='ltr'>robora</span> <span class='ocrx_word' id='word_1_10' title='bbox 804 373 890 451; x_wconf 80' lang='lat' dir='ltr'>pubis</span> 
     </span>
     <span class='ocr_line' id='line_1_3' title="bbox 84 456 889 538; baseline -0.009 -14"><span class='ocrx_word' id='word_1_11' title='bbox 84 463 160 526; x_wconf 87' lang='lat' dir='ltr'>lecta</span> <span class='ocrx_word' id='word_1_12' title='bbox 179 460 254 521; x_wconf 89' lang='lat' dir='ltr'>dabo</span> <span class='ocrx_word' id='word_1_13' title='bbox 275 459 456 538; x_wconf 88' lang='lat' dir='ltr'>totidemque</span> <span class='ocrx_word' id='word_1_14' title='bbox 477 477 531 519; x_wconf 90' lang='lat' dir='ltr'>suo</span> <span class='ocrx_word' id='word_1_15' title='bbox 550 459 606 520; x_wconf 94' lang='lat' dir='ltr'>sibi</span> <span class='ocrx_word' id='word_1_16' title='bbox 627 475 750 519; x_wconf 90' lang='lat' dir='ltr'>munere</span> <span class='ocrx_word' id='word_1_17' title='bbox 770 456 889 518; x_wconf 85' lang='lat' dir='ltr'>Pallas.&#39;</span> 
     </span>
     <span class='ocr_line' id='line_1_4' title="bbox 129 541 1097 622; baseline -0.006 -18"><span class='ocrx_word' id='word_1_18' title='bbox 129 544 181 604; x_wconf 83' lang='lat' dir='ltr'>Vix</span> <span class='ocrx_word' id='word_1_19' title='bbox 203 561 238 605; x_wconf 94' lang='lat' dir='ltr'>ea</span> <span class='ocrx_word' id='word_1_20' title='bbox 259 542 336 605; x_wconf 86' lang='lat' dir='ltr'>iatus</span> <span class='ocrx_word' id='word_1_21' title='bbox 358 554 429 606; x_wconf 85' lang='lat' dir='ltr'>erat.</span> <span class='ocrx_word' id='word_1_22' title='bbox 451 543 596 622; x_wconf 83' lang='lat' dir='ltr'>defixique</span> <span class='ocrx_word' id='word_1_23' title='bbox 618 560 670 602; x_wconf 91' lang='lat' dir='ltr'>ora</span> <span class='ocrx_word' id='word_1_24' title='bbox 690 541 829 603; x_wconf 86' lang='lat' dir='ltr'>tenebant</span> <span class='ocrx_word' id='word_1_25' title='bbox 1045 548 1097 598; x_wconf 72' lang='lat'>520</span> 
     </span>
     <span class='ocr_line' id='line_1_5' title="bbox 87 626 705 689; baseline -0.005 0"><span class='ocrx_word' id='word_1_26' title='bbox 87 629 199 689; x_wconf 84' lang='lat' dir='ltr'>densas</span> <span class='ocrx_word' id='word_1_27' title='bbox 220 627 409 688; x_wconf 73' lang='lat' dir='ltr'>Anchisiades</span> <span class='ocrx_word' id='word_1_28' title='bbox 435 635 464 686; x_wconf 88' lang='lat' dir='ltr'>et</span> <span class='ocrx_word' id='word_1_29' title='bbox 485 627 560 688; x_wconf 87' lang='lat' dir='ltr'>fidus</span> <span class='ocrx_word' id='word_1_30' title='bbox 580 626 705 687; x_wconf 79' lang='lat' dir='ltr'>Achates</span> 
     </span>
     <span class='ocr_line' id='line_1_6' title="bbox 86 709 871 790; baseline -0.006 -18"><span class='ocrx_word' id='word_1_31' title='bbox 86 711 235 790; x_wconf 85' lang='lat' dir='ltr'>multaque</span> <span class='ocrx_word' id='word_1_32' title='bbox 255 711 329 772; x_wconf 92' lang='lat' dir='ltr'>dura</span> <span class='ocrx_word' id='word_1_33' title='bbox 345 729 399 773; x_wconf 90' lang='lat' dir='ltr'>suo</span> <span class='ocrx_word' id='word_1_34' title='bbox 421 712 497 772; x_wconf 87' lang='lat' dir='ltr'>tristi</span> <span class='ocrx_word' id='word_1_35' title='bbox 519 728 586 773; x_wconf 89' lang='lat' dir='ltr'>cum</span> <span class='ocrx_word' id='word_1_36' title='bbox 608 710 699 771; x_wconf 88' lang='lat' dir='ltr'>corde</span> <span class='ocrx_word' id='word_1_37' title='bbox 720 709 871 789; x_wconf 89' lang='lat' dir='ltr'>putabant,</span> 
     </span>
     <span class='ocr_line' id='line_1_7' title="bbox 86 794 803 874; baseline -0.004 -19"><span class='ocrx_word' id='word_1_38' title='bbox 86 798 116 855; x_wconf 92' lang='lat' dir='ltr'>ni</span> <span class='ocrx_word' id='word_1_39' title='bbox 135 796 251 872; x_wconf 85' lang='lat' dir='ltr'>signum</span> <span class='ocrx_word' id='word_1_40' title='bbox 273 795 354 856; x_wconf 89' lang='lat' dir='ltr'>caelo</span> <span class='ocrx_word' id='word_1_41' title='bbox 376 794 518 874; x_wconf 73' lang='lat' dir='ltr'>Cytherea</span> <span class='ocrx_word' id='word_1_42' title='bbox 542 794 670 855; x_wconf 80' lang='lat' dir='ltr'><strong>dedisset</strong></span> <span class='ocrx_word' id='word_1_43' title='bbox 691 800 803 872; x_wconf 89' lang='lat' dir='ltr'>aperto.</span> 
     </span>
     <span class='ocr_line' id='line_1_8' title="bbox 86 875 849 958; baseline -0.001 -20"><span class='ocrx_word' id='word_1_44' title='bbox 86 896 213 958; x_wconf 90' lang='lat' dir='ltr'>namque</span> <span class='ocrx_word' id='word_1_45' title='bbox 230 880 379 956; x_wconf 87' lang='lat' dir='ltr'>inproviso</span> <span class='ocrx_word' id='word_1_46' title='bbox 399 879 530 940; x_wconf 81' lang='lat' dir='ltr'>vibratus</span> <span class='ocrx_word' id='word_1_47' title='bbox 551 879 587 939; x_wconf 90' lang='lat' dir='ltr'>ab</span> <span class='ocrx_word' id='word_1_48' title='bbox 611 879 730 940; x_wconf 79' lang='lat' dir='ltr'>aethere</span> <span class='ocrx_word' id='word_1_49' title='bbox 752 875 849 956; x_wconf 78' lang='lat' dir='ltr'><strong>fulgor</strong></span> 
     </span>
     <span class='ocr_line' id='line_1_9' title="bbox 87 963 1098 1040; baseline -0.007 -16"><span class='ocrx_word' id='word_1_50' title='bbox 87 981 154 1024; x_wconf 90' lang='lat' dir='ltr'>cum</span> <span class='ocrx_word' id='word_1_51' title='bbox 175 965 271 1024; x_wconf 88' lang='lat' dir='ltr'>sonitu</span> <span class='ocrx_word' id='word_1_52' title='bbox 291 964 378 1033; x_wconf 83' lang='lat' dir='ltr'>venit,</span> <span class='ocrx_word' id='word_1_53' title='bbox 398 970 427 1023; x_wconf 89' lang='lat' dir='ltr'>et</span> <span class='ocrx_word' id='word_1_54' title='bbox 448 981 538 1024; x_wconf 89' lang='lat' dir='ltr'>ruere</span> <span class='ocrx_word' id='word_1_55' title='bbox 560 963 657 1023; x_wconf 92' lang='lat' dir='ltr'>omnia</span> <span class='ocrx_word' id='word_1_56' title='bbox 678 963 738 1023; x_wconf 83' lang='lat' dir='ltr'>risa</span> <span class='ocrx_word' id='word_1_57' title='bbox 763 968 885 1040; x_wconf 88' lang='lat' dir='ltr'>repente</span> <span class='ocrx_word' id='word_1_58' title='bbox 1047 967 1098 1019; x_wconf 75' lang='lat' dir='ltr'>tat</span> 
     </span>
     <span class='ocr_line' id='line_1_10' title="bbox 87 1044 936 1126; baseline 0 -20"><span class='ocrx_word' id='word_1_59' title='bbox 87 1045 315 1126; x_wconf 75' lang='lat' dir='ltr'>Tyrrhenusque</span> <span class='ocrx_word' id='word_1_60' title='bbox 336 1047 425 1108; x_wconf 88' lang='lat' dir='ltr'>tubae</span> <span class='ocrx_word' id='word_1_61' title='bbox 448 1048 564 1125; x_wconf 88' lang='lat' dir='ltr'>mugire</span> <span class='ocrx_word' id='word_1_62' title='bbox 584 1064 639 1125; x_wconf 90' lang='lat' dir='ltr'>per</span> <span class='ocrx_word' id='word_1_63' title='bbox 661 1045 780 1107; x_wconf 89' lang='lat' dir='ltr'>aethera</span> <span class='ocrx_word' id='word_1_64' title='bbox 806 1044 936 1123; x_wconf 85' lang='lat' dir='ltr'>clangor.</span> 
     </span>
     <span class='ocr_line' id='line_1_11' title="bbox 87 1130 1044 1210; baseline -0.002 -18"><span class='ocrx_word' id='word_1_65' title='bbox 87 1132 257 1210; x_wconf 90' lang='lat' dir='ltr'>suspiciunt,</span> <span class='ocrx_word' id='word_1_66' title='bbox 280 1133 388 1192; x_wconf 91' lang='lat' dir='ltr'>iterum</span> <span class='ocrx_word' id='word_1_67' title='bbox 410 1137 496 1210; x_wconf 92' lang='lat' dir='ltr'>atque</span> <span class='ocrx_word' id='word_1_68' title='bbox 518 1132 626 1191; x_wconf 90' lang='lat' dir='ltr'>iterum</span> <span class='ocrx_word' id='word_1_69' title='bbox 650 1130 751 1209; x_wconf 83' lang='lat' dir='ltr'>fragor</span> <span class='ocrx_word' id='word_1_70' title='bbox 771 1131 906 1210; x_wconf 88' lang='lat' dir='ltr'>increpat</span> <span class='ocrx_word' id='word_1_71' title='bbox 924 1130 1044 1206; x_wconf 83' lang='lat' dir='ltr'>ingens:</span> 
     </span>
     <span class='ocr_line' id='line_1_12' title="bbox 88 1214 758 1293; baseline -0.003 -17"><span class='ocrx_word' id='word_1_72' title='bbox 88 1232 169 1276; x_wconf 78' lang='lat' dir='ltr'>mma</span> <span class='ocrx_word' id='word_1_73' title='bbox 189 1215 266 1276; x_wconf 89' lang='lat' dir='ltr'>inter</span> <span class='ocrx_word' id='word_1_74' title='bbox 286 1214 397 1275; x_wconf 92' lang='lat' dir='ltr'>nubem</span> <span class='ocrx_word' id='word_1_75' title='bbox 419 1214 490 1276; x_wconf 88' lang='lat' dir='ltr'>caeli</span> <span class='ocrx_word' id='word_1_76' title='bbox 511 1215 632 1293; x_wconf 85' lang='lat' dir='ltr'>regione</span> <span class='ocrx_word' id='word_1_77' title='bbox 654 1231 758 1275; x_wconf 91' lang='lat' dir='ltr'>serena</span> 
     </span>
     <span class='ocr_line' id='line_1_13' title="bbox 86 1297 827 1380; baseline -0.001 -21"><span class='ocrx_word' id='word_1_78' title='bbox 86 1317 142 1380; x_wconf 88' lang='lat' dir='ltr'>per</span> <span class='ocrx_word' id='word_1_79' title='bbox 164 1299 280 1361; x_wconf 90' lang='lat' dir='ltr'>suidum</span> <span class='ocrx_word' id='word_1_80' title='bbox 297 1298 420 1365; x_wconf 87' lang='lat' dir='ltr'>rutilare</span> <span class='ocrx_word' id='word_1_81' title='bbox 440 1298 540 1359; x_wconf 82' lang='lat' dir='ltr'>vident</span> <span class='ocrx_word' id='word_1_82' title='bbox 562 1307 591 1359; x_wconf 90' lang='lat' dir='ltr'>et</span> <span class='ocrx_word' id='word_1_83' title='bbox 610 1297 694 1376; x_wconf 90' lang='lat' dir='ltr'>pulsa</span> <span class='ocrx_word' id='word_1_84' title='bbox 714 1307 827 1359; x_wconf 90' lang='lat' dir='ltr'>tonare.</span> 
     </span>
     <span class='ocr_line' id='line_1_14' title="bbox 88 1381 1099 1463; baseline -0.005 -20"><span class='ocrx_word' id='word_1_85' title='bbox 88 1381 258 1463; x_wconf 86' lang='lat' dir='ltr'>obstipuere</span> <span class='ocrx_word' id='word_1_86' title='bbox 280 1383 384 1444; x_wconf 89' lang='lat' dir='ltr'>animis</span> <span class='ocrx_word' id='word_1_87' title='bbox 404 1382 461 1453; x_wconf 89' lang='lat' dir='ltr'>alii,</span> <span class='ocrx_word' id='word_1_88' title='bbox 484 1382 535 1444; x_wconf 89' lang='lat' dir='ltr'>sed</span> <span class='ocrx_word' id='word_1_89' title='bbox 557 1383 665 1444; x_wconf 79' lang='lat' dir='ltr'>Troius</span> <span class='ocrx_word' id='word_1_90' title='bbox 686 1382 775 1443; x_wconf 90' lang='lat' dir='ltr'>beros</span> <span class='ocrx_word' id='word_1_91' title='bbox 1048 1387 1099 1439; x_wconf 78' lang='lat' dir='ltr'>tto</span> 
     </span>
     <span class='ocr_line' id='line_1_15' title="bbox 88 1463 849 1546; baseline -0.004 -18"><span class='ocrx_word' id='word_1_92' title='bbox 88 1463 224 1546; x_wconf 70' lang='lat' dir='ltr'>adgnovit</span> <span class='ocrx_word' id='word_1_93' title='bbox 244 1468 370 1527; x_wconf 88' lang='lat' dir='ltr'>sonitum</span> <span class='ocrx_word' id='word_1_94' title='bbox 390 1476 420 1529; x_wconf 88' lang='lat' dir='ltr'>et</span> <span class='ocrx_word' id='word_1_95' title='bbox 441 1467 523 1528; x_wconf 90' lang='lat' dir='ltr'>divae</span> <span class='ocrx_word' id='word_1_96' title='bbox 544 1467 687 1545; x_wconf 90' lang='lat' dir='ltr'>promissa</span> <span class='ocrx_word' id='word_1_97' title='bbox 710 1467 849 1544; x_wconf 89' lang='lat' dir='ltr'>parentis.</span> 
     </span>
     <span class='ocr_line' id='line_1_16' title="bbox 87 1548 982 1629; baseline -0.004 -17"><span class='ocrx_word' id='word_1_98' title='bbox 87 1558 150 1612; x_wconf 89' lang='lat' dir='ltr'>tum</span> <span class='ocrx_word' id='word_1_99' title='bbox 170 1560 314 1612; x_wconf 91' lang='lat' dir='ltr'>memorat</span> <span class='ocrx_word' id='word_1_100' title='bbox 332 1561 385 1612; x_wconf 85' lang='lat' dir='ltr'>‘ne</span> <span class='ocrx_word' id='word_1_101' title='bbox 406 1569 485 1621; x_wconf 84' lang='lat' dir='ltr'>vero,</span> <span class='ocrx_word' id='word_1_102' title='bbox 508 1552 624 1629; x_wconf 84' lang='lat' dir='ltr'>hospes,</span> <span class='ocrx_word' id='word_1_103' title='bbox 647 1568 685 1610; x_wconf 90' lang='lat' dir='ltr'>ne</span> <span class='ocrx_word' id='word_1_104' title='bbox 708 1567 818 1628; x_wconf 91' lang='lat' dir='ltr'>quaere</span> <span class='ocrx_word' id='word_1_105' title='bbox 838 1548 982 1628; x_wconf 89' lang='lat' dir='ltr'>prolecto,</span> 
     </span>
     <span class='ocr_line' id='line_1_17' title="bbox 87 1632 937 1778; baseline -0.004 -82"><span class='ocrx_word' id='word_1_106' title='bbox 87 1653 176 1778; x_wconf 76' lang='lat' dir='ltr'>quem</span> <span class='ocrx_word' id='word_1_107' title='bbox 196 1652 297 1696; x_wconf 90' lang='lat' dir='ltr'>casum</span> <span class='ocrx_word' id='word_1_108' title='bbox 318 1641 454 1714; x_wconf 87' lang='lat' dir='ltr'>portenta</span> <span class='ocrx_word' id='word_1_109' title='bbox 471 1635 583 1696; x_wconf 86' lang='lat' dir='ltr'>lerant:</span> <span class='ocrx_word' id='word_1_110' title='bbox 603 1651 658 1711; x_wconf 86' lang='lat' dir='ltr'>ego</span> <span class='ocrx_word' id='word_1_111' title='bbox 677 1651 784 1712; x_wconf 91' lang='lat' dir='ltr'>poscor</span> <span class='ocrx_word' id='word_1_112' title='bbox 804 1632 937 1712; x_wconf 86' lang='lat' dir='ltr'><strong>Olympo.</strong></span> 
     </span>
     <span class='ocr_line' id='line_1_18' title="bbox 110 1718 829 1797; baseline -0.001 -19"><span class='ocrx_word' id='word_1_113' title='bbox 110 1736 146 1779; x_wconf 93' lang='lat' dir='ltr'>oc</span> <span class='ocrx_word' id='word_1_114' title='bbox 167 1720 284 1797; x_wconf 83' lang='lat' dir='ltr'>sIgnum</span> <span class='ocrx_word' id='word_1_115' title='bbox 304 1720 408 1780; x_wconf 82' lang='lat' dir='ltr'>cecinit</span> <span class='ocrx_word' id='word_1_116' title='bbox 427 1719 584 1779; x_wconf 82' lang='lat' dir='ltr'>missuram</span> <span class='ocrx_word' id='word_1_117' title='bbox 606 1718 671 1779; x_wconf 88' lang='lat' dir='ltr'>diva</span> <span class='ocrx_word' id='word_1_118' title='bbox 693 1719 829 1788; x_wconf 82' lang='lat' dir='ltr'>creatrix,</span> 
     </span>
     <span class='ocr_line' id='line_1_19' title="bbox 88 1801 1102 1888; baseline -0.006 -27"><span class='ocrx_word' id='word_1_119' title='bbox 88 1801 113 1862; x_wconf 90' lang='lat' dir='ltr'>si</span> <span class='ocrx_word' id='word_1_120' title='bbox 133 1801 243 1863; x_wconf 91' lang='lat' dir='ltr'>bellum</span> <span class='ocrx_word' id='word_1_121' title='bbox 262 1804 423 1888; x_wconf 63' lang='lat' dir='ltr'>Ingrueret,</span> <span class='ocrx_word' id='word_1_122' title='bbox 443 1801 640 1884; x_wconf 81' lang='lat' dir='ltr'>Volcaniaque</span> <span class='ocrx_word' id='word_1_123' title='bbox 660 1820 740 1863; x_wconf 91' lang='lat' dir='ltr'>arma</span> <span class='ocrx_word' id='word_1_124' title='bbox 760 1818 815 1879; x_wconf 89' lang='lat' dir='ltr'>per</span> <span class='ocrx_word' id='word_1_125' title='bbox 835 1818 921 1862; x_wconf 89' lang='lat' dir='ltr'>auras</span> <span class='ocrx_word' id='word_1_126' title='bbox 1049 1805 1102 1886; x_wconf 28' lang='lat' dir='ltr'>aas·</span> 
     </span>
     <span class='ocr_line' id='line_1_20' title="bbox 87 1882 364 1956; baseline 0.007 -11"><span class='ocrx_word' id='word_1_127' title='bbox 87 1882 213 1947; x_wconf 89' lang='lat' dir='ltr'>laturam</span> <span class='ocrx_word' id='word_1_128' title='bbox 235 1886 364 1956; x_wconf 61' lang='lat' dir='ltr'>auxilios</span> 
     </span>
     <span class='ocr_line' id='line_1_21' title="bbox 89 1968 916 2048; baseline -0.001 -20"><span class='ocrx_word' id='word_1_129' title='bbox 89 1968 147 2029; x_wconf 89' lang='lat' dir='ltr'>heu</span> <span class='ocrx_word' id='word_1_130' title='bbox 169 1977 295 2048; x_wconf 89' lang='lat' dir='ltr'>quantae</span> <span class='ocrx_word' id='word_1_131' title='bbox 316 1972 430 2032; x_wconf 89' lang='lat' dir='ltr'>miseris</span> <span class='ocrx_word' id='word_1_132' title='bbox 451 1971 556 2032; x_wconf 88' lang='lat' dir='ltr'>caedes</span> <span class='ocrx_word' id='word_1_133' title='bbox 576 1971 772 2033; x_wconf 88' lang='lat' dir='ltr'>Laurentibus</span> <span class='ocrx_word' id='word_1_134' title='bbox 794 1969 916 2030; x_wconf 85' lang='lat' dir='ltr'>instant!</span> 
     </span>
     <span class='ocr_line' id='line_1_22' title="bbox 90 2051 1057 2134; baseline -0.003 -21"><span class='ocrx_word' id='word_1_135' title='bbox 90 2069 163 2131; x_wconf 90' lang='lat' dir='ltr'>quas</span> <span class='ocrx_word' id='word_1_136' title='bbox 183 2070 294 2132; x_wconf 90' lang='lat' dir='ltr'>poenas</span> <span class='ocrx_word' id='word_1_137' title='bbox 315 2054 395 2124; x_wconf 90' lang='lat' dir='ltr'>mibi,</span> <span class='ocrx_word' id='word_1_138' title='bbox 417 2054 527 2125; x_wconf 89' lang='lat' dir='ltr'>Turne,</span> <span class='ocrx_word' id='word_1_139' title='bbox 548 2054 644 2115; x_wconf 89' lang='lat' dir='ltr'>dabis!</span> <span class='ocrx_word' id='word_1_140' title='bbox 665 2073 753 2134; x_wconf 92' lang='lat' dir='ltr'>quam</span> <span class='ocrx_word' id='word_1_141' title='bbox 778 2053 869 2114; x_wconf 91' lang='lat' dir='ltr'>multa</span> <span class='ocrx_word' id='word_1_142' title='bbox 885 2051 941 2112; x_wconf 91' lang='lat' dir='ltr'>sub</span> <span class='ocrx_word' id='word_1_143' title='bbox 963 2051 1057 2112; x_wconf 92' lang='lat' dir='ltr'>undas</span> 
     </span>
     <span class='ocr_line' id='line_1_23' title="bbox 88 2137 895 2217; baseline 0 -21"><span class='ocrx_word' id='word_1_144' title='bbox 88 2143 172 2197; x_wconf 88' lang='lat' dir='ltr'>scuta</span> <span class='ocrx_word' id='word_1_145' title='bbox 191 2139 287 2198; x_wconf 81' lang='lat' dir='ltr'>virum</span> <span class='ocrx_word' id='word_1_146' title='bbox 308 2137 464 2217; x_wconf 80' lang='lat' dir='ltr'>galeasque</span> <span class='ocrx_word' id='word_1_147' title='bbox 485 2146 515 2200; x_wconf 86' lang='lat' dir='ltr'>et</span> <span class='ocrx_word' id='word_1_148' title='bbox 536 2139 620 2199; x_wconf 84' lang='lat' dir='ltr'>fortia</span> <span class='ocrx_word' id='word_1_149' title='bbox 643 2156 770 2217; x_wconf 88' lang='lat' dir='ltr'>corpora</span> <span class='ocrx_word' id='word_1_150' title='bbox 790 2137 895 2205; x_wconf 87' lang='lat' dir='ltr'>volves,</span> 
     </span>
     <span class='ocr_line' id='line_1_24' title="bbox 89 2218 1101 2301; baseline -0.004 -22"><span class='ocrx_word' id='word_1_151' title='bbox 89 2218 201 2299; x_wconf 81' lang='lat' dir='ltr'>Thybri</span> <span class='ocrx_word' id='word_1_152' title='bbox 214 2223 312 2300; x_wconf 86' lang='lat' dir='ltr'>pater!</span> <span class='ocrx_word' id='word_1_153' title='bbox 333 2231 456 2301; x_wconf 87' lang='lat' dir='ltr'>poscant</span> <span class='ocrx_word' id='word_1_154' title='bbox 474 2224 551 2298; x_wconf 88' lang='lat' dir='ltr'>acies</span> <span class='ocrx_word' id='word_1_155' title='bbox 573 2229 602 2283; x_wconf 89' lang='lat' dir='ltr'>et</span> <span class='ocrx_word' id='word_1_156' title='bbox 624 2223 743 2284; x_wconf 80' lang='lat' dir='ltr'>foedera</span> <span class='ocrx_word' id='word_1_157' title='bbox 764 2221 921 2299; x_wconf 67' lang='lat' dir='ltr'>rumpant!</span> <span class='ocrx_word' id='word_1_158' title='bbox 1050 2225 1101 2276; x_wconf 78' lang='lat'>540</span> 
     </span>
     <span class='ocr_line' id='line_1_25' title="bbox 11 2299 948 2392; baseline -0.002 -26"><span class='ocrx_word' id='word_1_159' title='bbox 11 2299 76 2392; x_wconf 52' lang='grc' dir='ltr'><em>β</em></span> <span class='ocrx_word' id='word_1_160' title='bbox 130 2303 210 2366; x_wconf 85' lang='lat' dir='ltr'>llaec</span> <span class='ocrx_word' id='word_1_161' title='bbox 229 2303 281 2366; x_wconf 91' lang='lat' dir='ltr'>ubi</span> <span class='ocrx_word' id='word_1_162' title='bbox 300 2305 376 2367; x_wconf 89' lang='lat' dir='ltr'>dicta</span> <span class='ocrx_word' id='word_1_163' title='bbox 397 2307 484 2377; x_wconf 86' lang='lat' dir='ltr'>dedit,</span> <span class='ocrx_word' id='word_1_164' title='bbox 508 2306 580 2367; x_wconf 90' lang='lat' dir='ltr'>solio</span> <span class='ocrx_word' id='word_1_165' title='bbox 602 2325 635 2368; x_wconf 89' lang='lat' dir='ltr'>so</span> <span class='ocrx_word' id='word_1_166' title='bbox 655 2305 729 2367; x_wconf 90' lang='lat' dir='ltr'>tollit</span> <span class='ocrx_word' id='word_1_167' title='bbox 750 2306 786 2366; x_wconf 94' lang='lat' dir='ltr'>ab</span> <span class='ocrx_word' id='word_1_168' title='bbox 808 2305 866 2366; x_wconf 88' lang='lat' dir='ltr'>alto</span> <span class='ocrx_word' id='word_1_169' title='bbox 889 2302 948 2330; x_wconf 49' lang='lat' dir='ltr'>‘s</span> 
     </span>
     <span class='ocr_line' id='line_1_26' title="bbox 90 2388 795 2469; baseline 0 -19"><span class='ocrx_word' id='word_1_170' title='bbox 90 2394 119 2450; x_wconf 90' lang='lat' dir='ltr'>st</span> <span class='ocrx_word' id='word_1_171' title='bbox 140 2390 271 2467; x_wconf 90' lang='lat' dir='ltr'>primum</span> <span class='ocrx_word' id='word_1_172' title='bbox 291 2388 442 2452; x_wconf 72' lang='lat' dir='ltr'>herculeis</span> <span class='ocrx_word' id='word_1_173' title='bbox 460 2392 569 2469; x_wconf 88' lang='lat' dir='ltr'>sopitas</span> <span class='ocrx_word' id='word_1_174' title='bbox 590 2390 708 2468; x_wconf 88' lang='lat' dir='ltr'>ignibus</span> <span class='ocrx_word' id='word_1_175' title='bbox 729 2408 795 2451; x_wconf 92' lang='lat' dir='ltr'>aras</span> 
     </span>
     <span class='ocr_line' id='line_1_27' title="bbox 90 2471 878 2553; baseline -0.001 -19"><span class='ocrx_word' id='word_1_176' title='bbox 90 2474 195 2534; x_wconf 82' lang='lat' dir='ltr'>excitat</span> <span class='ocrx_word' id='word_1_177' title='bbox 216 2471 445 2553; x_wconf 87' lang='lat' dir='ltr'>hesternumque</span> <span class='ocrx_word' id='word_1_178' title='bbox 466 2475 558 2535; x_wconf 89' lang='lat' dir='ltr'>larem</span> <span class='ocrx_word' id='word_1_179' title='bbox 580 2492 745 2553; x_wconf 88' lang='lat' dir='ltr'>parvosque</span> <span class='ocrx_word' id='word_1_180' title='bbox 765 2475 878 2550; x_wconf 90' lang='lat' dir='ltr'>penatis</span> 
     </span>
     <span class='ocr_line' id='line_1_28' title="bbox 89 2554 848 2620; baseline 0.001 -3"><span class='ocrx_word' id='word_1_181' title='bbox 89 2554 183 2618; x_wconf 88' lang='lat' dir='ltr'>iaetus</span> <span class='ocrx_word' id='word_1_182' title='bbox 205 2556 278 2617; x_wconf 91' lang='lat' dir='ltr'>adit:</span> <span class='ocrx_word' id='word_1_183' title='bbox 300 2567 427 2619; x_wconf 87' lang='lat' dir='ltr'>mactant</span> <span class='ocrx_word' id='word_1_184' title='bbox 448 2560 538 2620; x_wconf 88' lang='lat' dir='ltr'>lectas</span> <span class='ocrx_word' id='word_1_185' title='bbox 561 2559 597 2619; x_wconf 91' lang='lat' dir='ltr'>de</span> <span class='ocrx_word' id='word_1_186' title='bbox 618 2576 702 2619; x_wconf 91' lang='lat' dir='ltr'>more</span> <span class='ocrx_word' id='word_1_187' title='bbox 722 2557 848 2618; x_wconf 90' lang='lat' dir='ltr'>bidentis</span> 
     </span>
     <span class='ocr_line' id='line_1_29' title="bbox 89 2639 1101 2723; baseline -0.004 -22"><span class='ocrx_word' id='word_1_188' title='bbox 89 2639 245 2702; x_wconf 86' lang='lat' dir='ltr'>Euandrus</span> <span class='ocrx_word' id='word_1_189' title='bbox 264 2642 384 2720; x_wconf 82' lang='lat' dir='ltr'>paritor,</span> <span class='ocrx_word' id='word_1_190' title='bbox 406 2644 517 2723; x_wconf 88' lang='lat' dir='ltr'>pariter</span> <span class='ocrx_word' id='word_1_191' title='bbox 536 2642 661 2703; x_wconf 84' lang='lat' dir='ltr'>Troiana</span> <span class='ocrx_word' id='word_1_192' title='bbox 683 2642 827 2702; x_wconf 86' lang='lat' dir='ltr'>iuventus.</span> <span class='ocrx_word' id='word_1_193' title='bbox 1050 2646 1101 2697; x_wconf 76' lang='lat' dir='ltr'>tat</span> 
     </span>
     <span class='ocr_line' id='line_1_30' title="bbox 89 2723 858 2806; baseline 0.001 -22"><span class='ocrx_word' id='word_1_194' title='bbox 89 2731 158 2803; x_wconf 82' lang='lat' dir='ltr'>post</span> <span class='ocrx_word' id='word_1_195' title='bbox 178 2723 249 2785; x_wconf 85' lang='lat' dir='ltr'>binc</span> <span class='ocrx_word' id='word_1_196' title='bbox 268 2725 305 2787; x_wconf 87' lang='lat' dir='ltr'>ad</span> <span class='ocrx_word' id='word_1_197' title='bbox 323 2725 404 2787; x_wconf 82' lang='lat' dir='ltr'>navis</span> <span class='ocrx_word' id='word_1_198' title='bbox 426 2726 559 2804; x_wconf 87' lang='lat' dir='ltr'>graditur</span> <span class='ocrx_word' id='word_1_199' title='bbox 580 2727 734 2806; x_wconf 87' lang='lat' dir='ltr'>sociosque</span> <span class='ocrx_word' id='word_1_200' title='bbox 751 2726 858 2786; x_wconf 83' lang='lat' dir='ltr'>revisit</span> 
     </span>
     <span class='ocr_line' id='line_1_31' title="bbox 91 2808 899 2891; baseline 0.001 -23"><span class='ocrx_word' id='word_1_201' title='bbox 91 2824 218 2884; x_wconf 90' lang='lat' dir='ltr'>quorum</span> <span class='ocrx_word' id='word_1_202' title='bbox 240 2808 277 2870; x_wconf 92' lang='lat' dir='ltr'>de</span> <span class='ocrx_word' id='word_1_203' title='bbox 294 2827 418 2871; x_wconf 89' lang='lat' dir='ltr'>numero</span> <span class='ocrx_word' id='word_1_204' title='bbox 439 2812 490 2891; x_wconf 93' lang='lat' dir='ltr'>qui</span> <span class='ocrx_word' id='word_1_205' title='bbox 510 2829 574 2872; x_wconf 90' lang='lat' dir='ltr'>sese</span> <span class='ocrx_word' id='word_1_206' title='bbox 596 2813 626 2871; x_wconf 93' lang='lat' dir='ltr'>in</span> <span class='ocrx_word' id='word_1_207' title='bbox 641 2809 717 2871; x_wconf 92' lang='lat' dir='ltr'>bella</span> <span class='ocrx_word' id='word_1_208' title='bbox 737 2816 899 2889; x_wconf 88' lang='lat' dir='ltr'>sequantur</span> 
     </span>
     <span class='ocr_line' id='line_1_32' title="bbox 90 2893 822 2974; baseline 0.004 -24"><span class='ocrx_word' id='word_1_209' title='bbox 90 2893 265 2970; x_wconf 87' lang='lat' dir='ltr'>praestantis</span> <span class='ocrx_word' id='word_1_210' title='bbox 284 2896 391 2954; x_wconf 88' lang='lat' dir='ltr'>virtute</span> <span class='ocrx_word' id='word_1_211' title='bbox 412 2894 498 2974; x_wconf 80' lang='lat' dir='ltr'>legit:</span> <span class='ocrx_word' id='word_1_212' title='bbox 520 2912 589 2972; x_wconf 92' lang='lat' dir='ltr'>pars</span> <span class='ocrx_word' id='word_1_213' title='bbox 611 2901 708 2956; x_wconf 89' lang='lat' dir='ltr'>cetera</span> <span class='ocrx_word' id='word_1_214' title='bbox 729 2911 822 2972; x_wconf 89' lang='lat' dir='ltr'>prona</span> 
     </span>
     <span class='ocr_line' id='line_1_33' title="bbox 91 2975 846 3058; baseline 0.005 -23"><span class='ocrx_word' id='word_1_215' title='bbox 91 2975 183 3036; x_wconf 80' lang='lat' dir='ltr'>fertur</span> <span class='ocrx_word' id='word_1_216' title='bbox 205 2994 280 3055; x_wconf 90' lang='lat' dir='ltr'>aqua</span> <span class='ocrx_word' id='word_1_217' title='bbox 302 2979 460 3058; x_wconf 88' lang='lat' dir='ltr'>segnisque</span> <span class='ocrx_word' id='word_1_218' title='bbox 487 2978 614 3040; x_wconf 90' lang='lat' dir='ltr'>secundo</span> <span class='ocrx_word' id='word_1_219' title='bbox 636 2977 737 3040; x_wconf 81' lang='lat' dir='ltr'>defluit</span> <span class='ocrx_word' id='word_1_220' title='bbox 758 2979 846 3048; x_wconf 92' lang='lat' dir='ltr'>amni,</span> 
     </span>
     <span class='ocr_line' id='line_1_34' title="bbox 90 3060 1102 3143; baseline 0 -24"><span class='ocrx_word' id='word_1_221' title='bbox 90 3060 191 3121; x_wconf 90' lang='lat' dir='ltr'>nuntia</span> <span class='ocrx_word' id='word_1_222' title='bbox 211 3069 334 3123; x_wconf 82' lang='lat' dir='ltr'>ventura</span> <span class='ocrx_word' id='word_1_223' title='bbox 354 3062 478 3123; x_wconf 79' lang='lat' dir='ltr'>Ascanio</span> <span class='ocrx_word' id='word_1_224' title='bbox 499 3080 659 3142; x_wconf 89' lang='lat' dir='ltr'>rerumque</span> <span class='ocrx_word' id='word_1_225' title='bbox 680 3064 841 3143; x_wconf 88' lang='lat' dir='ltr'>patrisque.</span> <span class='ocrx_word' id='word_1_226' title='bbox 1050 3067 1102 3119; x_wconf 79' lang='lat' dir='ltr'>too</span> 
     </span>
     <span class='ocr_line' id='line_1_35' title="bbox 91 3141 894 3225; baseline 0.005 -22"><span class='ocrx_word' id='word_1_227' title='bbox 91 3141 196 3205; x_wconf 90' lang='lat' dir='ltr'>dantur</span> <span class='ocrx_word' id='word_1_228' title='bbox 219 3147 286 3223; x_wconf 88' lang='lat' dir='ltr'>equi</span> <span class='ocrx_word' id='word_1_229' title='bbox 307 3144 430 3207; x_wconf 86' lang='lat' dir='ltr'>Teucris</span> <span class='ocrx_word' id='word_1_230' title='bbox 450 3146 602 3225; x_wconf 83' lang='lat' dir='ltr'>Tyrrhena</span> <span class='ocrx_word' id='word_1_231' title='bbox 623 3146 790 3225; x_wconf 87' lang='lat' dir='ltr'>petentibus</span> <span class='ocrx_word' id='word_1_232' title='bbox 810 3165 894 3213; x_wconf 90' lang='lat' dir='ltr'>arva;</span> 
     </span>
     <span class='ocr_line' id='line_1_36' title="bbox 91 3225 834 3309; baseline 0.001 -23"><span class='ocrx_word' id='word_1_233' title='bbox 91 3225 202 3289; x_wconf 89' lang='lat' dir='ltr'>ducunt</span> <span class='ocrx_word' id='word_1_234' title='bbox 225 3237 371 3290; x_wconf 84' lang='lat' dir='ltr'>exsortem</span> <span class='ocrx_word' id='word_1_235' title='bbox 386 3229 522 3297; x_wconf 79' lang='lat' dir='ltr'>Aeneae·</span> <span class='ocrx_word' id='word_1_236' title='bbox 534 3248 621 3309; x_wconf 91' lang='lat' dir='ltr'>quem</span> <span class='ocrx_word' id='word_1_237' title='bbox 644 3230 721 3291; x_wconf 80' lang='lat' dir='ltr'>fulva</span> <span class='ocrx_word' id='word_1_238' title='bbox 739 3229 834 3289; x_wconf 88' lang='lat' dir='ltr'>leonis</span> 
     </span>
     <span class='ocr_line' id='line_1_37' title="bbox 90 3309 889 3393; baseline 0.003 -23"><span class='ocrx_word' id='word_1_239' title='bbox 90 3309 176 3388; x_wconf 89' lang='lat' dir='ltr'>pellis</span> <span class='ocrx_word' id='word_1_240' title='bbox 195 3311 257 3372; x_wconf 90' lang='lat' dir='ltr'>obit</span> <span class='ocrx_word' id='word_1_241' title='bbox 275 3319 378 3380; x_wconf 87' lang='lat' dir='ltr'>totum,</span> <span class='ocrx_word' id='word_1_242' title='bbox 399 3312 588 3393; x_wconf 85' lang='lat' dir='ltr'>praefulgens</span> <span class='ocrx_word' id='word_1_243' title='bbox 612 3313 759 3391; x_wconf 85' lang='lat' dir='ltr'>unguibus</span> <span class='ocrx_word' id='word_1_244' title='bbox 782 3314 889 3388; x_wconf 85' lang='lat' dir='ltr'>aureis.</span> 
     </span>
     <span class='ocr_line' id='line_1_38' title="bbox 133 3393 920 3474; baseline 0.001 -20"><span class='ocrx_word' id='word_1_245' title='bbox 133 3393 222 3455; x_wconf 83' lang='lat' dir='ltr'>Fama</span> <span class='ocrx_word' id='word_1_246' title='bbox 244 3395 322 3456; x_wconf 86' lang='lat' dir='ltr'>volat</span> <span class='ocrx_word' id='word_1_247' title='bbox 341 3414 461 3474; x_wconf 85' lang='lat' dir='ltr'>parvam</span> <span class='ocrx_word' id='word_1_248' title='bbox 481 3396 577 3458; x_wconf 89' lang='lat' dir='ltr'>subito</span> <span class='ocrx_word' id='word_1_249' title='bbox 594 3396 707 3473; x_wconf 85' lang='lat' dir='ltr'>volgata</span> <span class='ocrx_word' id='word_1_250' title='bbox 728 3413 782 3474; x_wconf 90' lang='lat' dir='ltr'>per</span> <span class='ocrx_word' id='word_1_251' title='bbox 804 3394 920 3464; x_wconf 90' lang='lat' dir='ltr'>urbem,</span> 
     </span>
     <span class='ocr_line' id='line_1_39' title="bbox 90 3477 1103 3559; baseline -0.002 -21"><span class='ocrx_word' id='word_1_252' title='bbox 90 3477 175 3538; x_wconf 87' lang='lat' dir='ltr'>oclus</span> <span class='ocrx_word' id='word_1_253' title='bbox 195 3479 239 3538; x_wconf 91' lang='lat' dir='ltr'>ire</span> <span class='ocrx_word' id='word_1_254' title='bbox 260 3479 372 3559; x_wconf 88' lang='lat' dir='ltr'>equites</span> <span class='ocrx_word' id='word_1_255' title='bbox 394 3478 541 3558; x_wconf 81' lang='lat' dir='ltr'>Tyrrheni</span> <span class='ocrx_word' id='word_1_256' title='bbox 563 3480 599 3540; x_wconf 90' lang='lat' dir='ltr'>ad</span> <span class='ocrx_word' id='word_1_257' title='bbox 621 3479 705 3540; x_wconf 88' lang='lat' dir='ltr'>litora</span> <span class='ocrx_word' id='word_1_258' title='bbox 726 3478 815 3556; x_wconf 85' lang='lat' dir='ltr'>regis.</span> <span class='ocrx_word' id='word_1_259' title='bbox 1051 3478 1103 3529; x_wconf 71' lang='lat'>⁶⁶5</span> 
     </span>
    </p>
   </div>
   <div class='ocr_carea' id='block_1_3' title="bbox 0 0 1236 3936">
    <p class='ocr_par' dir='ltr' id='par_1_3' title="bbox 0 0 1236 3936">
     <span class='ocr_line' id='line_1_40' title="bbox 0 0 1236 3936; baseline 0 0"><span class='ocrx_word' id='word_1_260' title='bbox 0 0 1236 3936; x_wconf 95' lang='lat' dir='ltr'> </span> 
     </span>
    </p>
   </div>
  </div>
 </body>
</html>
