2400 3878
147 206 204 267 181
493 218 633 265 runouu
651 217 774 265 1111113
792 219 813 264 v

142 372 317 449 impediunt,
341 380 500 450 texuntque
519 372 601 448 sugas
624 380 651 433 et
674 372 784 449 proelia
805 372 889 437 ludo.

144 454 312 532 delphinum
333 453 455 524 similes,
479 457 528 532 qui
550 472 603 532 per
622 457 712 515 maria
735 456 831 516 umida
853 456 950 516 nando

144 538 330 615 Carpathium
351 537 548 615 Libycumque
571 547 678 599 secant.
1115 556 1168 611 59⁵

142 622 221 682 hunc
241 640 353 682 morem
374 640 477 681 cursus
499 630 586 699 atque
607 622 680 682 haee
702 623 858 682 certamina
881 623 993 700 primus

142 705 296 774 Ascanius,
320 706 448 781 Longam
472 707 562 764 muris
584 724 649 765 eum
671 707 801 783 cingeret
822 705 941 773 Albam,

143 788 252 849 rettulit
275 797 302 849 et
323 788 439 849 Priscos
461 789 559 849 docuit
581 788 731 849 celebrare
754 789 885 858 Latinos,

144 891 200 951 quo
221 890 296 950 puer
316 873 379 950 ipse
399 873 504 941 mode,
525 890 624 933 secum
649 890 707 949 quo
730 872 817 931 Troia
835 872 943 949 puhes;

143 954 247 1015 Albani
269 956 396 1016 docuere
419 973 501 1023 suos:
525 956 593 1015 hiuc
614 958 737 1015 maxima
758 972 847 1032 porro

143 1040 254 1116 accepit
276 1039 367 1099 lloma
391 1049 419 1099 et
441 1041 567 1116 patrium
587 1040 710 1099 serravit
729 1039 887 1106 lronorem;

143 1122 289 1198 Troiaque
311 1141 403 1191 nuuc,
426 1124 510 1199 pueri
528 1122 685 1183 Troianum
707 1122 812 1182 dicitur
834 1140 947 1200 agmen.
990 1136 996 1155 ·

143 1201 211 1279 [hac
225 1202 373 1265 celebrata
389 1216 475 1266 tenus
490 1213 590 1266 sancto
614 1207 770 1265 certamina
791 1205 1042 1348 patriqu

184 1288 257 1347 lliue
279 1289 404 1365 primum
427 1288 554 1348 Fortuna
574 1288 658 1349 lldem
682 1296 790 1348 mutata
808 1307 865 1348 nor
900 1297 931 1349 rt

143 1370 213 1430 dum
234 1372 320 1431 variis
341 1370 453 1431 tumulo
476 1371 609 1432 referunt
631 1370 780 1431 sollemnia
801 1370 890 1440 ludis,
1115 1390 1167 1443 σοι

142 1453 210 1513 lrim
230 1454 266 1514 de
287 1454 366 1515 caelo
389 1457 465 1515 misit
487 1454 620 1515 Saturnia
642 1455 713 1515 luno

143 1536 258 1598 iliacam
280 1538 315 1597 ad
339 1537 475 1608 classem,
497 1547 656 1617 ventosque
676 1538 804 1616 adspirat
827 1541 920 1607 eunti,

142 1619 232 1680 multa
255 1639 375 1681 merens
395 1622 520 1682 necdum
544 1624 670 1682 anticum
693 1629 820 1682 saturata
843 1621 985 1682 dolorem.

143 1701 205 1771 illa,
225 1705 299 1763 viam
322 1703 452 1764 celerans
474 1723 527 1781 per
547 1703 624 1764 mille
647 1704 794 1765 coloribus
816 1723 932 1773 areum,

142 1785 213 1844 nulli
234 1788 293 1845 visa
314 1789 370 1846 cito
393 1787 522 1847 decurrit
545 1790 660 1848 tramite
679 1789 769 1866 iirgo.
1115 1804 1168 1859 mo

143 1870 282 1946 conspicit
303 1872 449 1946 ingentem
473 1888 648 1930 concursum
671 1879 699 1931 et
720 1871 805 1932 litora
826 1870 943 1940 lustrat,

142 1951 331 2030 desertosque
353 1954 429 2013 videt
451 1961 553 2030 portus
576 1953 756 2032 classemque
776 1955 915 2016 relictam.

142 2042 171 2094 at
187 2034 290 2111 procul
312 2037 340 2094 in
361 2036 421 2095 sola
441 2044 572 2096 secretae
593 2037 723 2098 Troades
745 2046 809 2097 3313

143 2120 280 2177 amissum
301 2119 446 2180 Anchisen
469 2119 591 2190 ssebaut,
616 2129 795 2199 cunctaeque
817 2119 997 2198 profundum

141 2212 264 2278 pontum
283 2203 471 2279 aspectabant
491 2203 602 2264 sseutes.
647 2204 704 2264 heu
727 2212 769 2263 tot
790 2205 860 2264 vada
882 2203 967 2265 fessis
1070 2259 1074 2267 .
1114 2220 1165 2275 ⁶15

142 2291 171 2344 et
192 2293 303 2346 tantum
323 2303 476 2363 superesse
501 2289 603 2355 maris,
626 2306 681 2346 vox
701 2288 835 2348 omnibus
854 2305 922 2348 una.

141 2366 246 2428 urbem
266 2378 365 2438 orant,
386 2370 483 2430 taedet
504 2369 598 2448 pelagi
619 2371 752 2447 perferre
771 2369 913 2431 laborem.

142 2469 214 2529 ergo
236 2454 311 2513 inter
333 2454 443 2514 medias
462 2471 526 2515 sese
548 2455 617 2513 haut
639 2456 740 2530 ignara
763 2454 887 2527 nocendi

142 2537 262 2606 conicit,
284 2545 313 2598 et
331 2538 492 2616 faciemque
514 2538 585 2598 deae
606 2546 773 2616 vestemque
794 2538 924 2614 reponit:

142 2619 174 2679 111
194 2620 303 2690 Β31ο3,
325 2621 434 2682 Tmarii
457 2623 582 2682 coniunx
601 2621 741 2699 longaeva
758 2619 887 2699 Dorycli,
1113 2634 1165 2691 522

143 2705 189 2764 cui
208 2722 301 2781 genus
323 2713 351 2765 et
373 2706 519 2782 quondam
537 2722 643 2765 nomen
665 2706 783 2783 natique
805 2703 940 2783 luissent;

142 2804 176 2846 ac
198 2789 239 2846 sic
260 2787 456 2848 Dardanidum
476 2789 601 2847 mediam
624 2806 656 2847 se
676 2788 817 2847 matribus
837 2787 932 2847 infert.

143 2878 177 2928 ‘o
200 2870 338 2938 miserae,
362 2888 434 2946 quas
455 2888 514 2928 uon
536 2868 654 2929 mauus'
675 2871 768 2947 iuquit
791 2870 930 2930 ‘Achaica
949 2867 1029 2934 bello

141 2952 260 3010 traxerit
280 2952 315 3011 ad
339 2951 429 3010 letum
448 2952 560 3026 patriae
581 2951 634 3010 sub
653 2953 817 3014 moenibus!
840 2972 856 3011 o
878 2969 950 3029 gens

141 3032 255 3102 infelix,
278 3035 325 3093 cui
346 3042 375 3093 te
397 3033 483 3092 exitio
503 3033 631 3093 Fortuna
654 3037 800 3096 reservati
1113 3050 1164 3107 m

141 3118 263 3193 septima
284 3123 350 3194 post
372 3114 477 3176 Troiae
500 3116 643 3176 excidium
669 3119 726 3177 iam
748 3120 870 3180 vertitur
892 3125 1001 3188 aestas,
1086 3178 1106 3209 o

142 3217 208 3259 cnm
231 3198 318 3269 11313,
342 3217 409 3260 cum
431 3206 525 3260 terras
544 3200 652 3268 omnis,
673 3208 716 3260 tot
734 3203 878 3280 inhospita
900 3219 969 3262 saxa

141 3282 296 3363 sideraque
316 3301 450 3344 emensae
468 3283 604 3353 ierimur,
627 3283 695 3342 dum
718 3302 771 3361 per
792 3303 873 3344 mare
896 3302 1037 3364 maguum

633 3453 783 3529 luduntque
798 3472 846 3530 per
861 3455 955 3512 undas.
1113 3466 1166 3527 m
1194 3436 1199 3449 ⁸
