2400 3878
138 182 198 244 234
473 189 617 239 vultum
633 188 758 239 ΔΕΝΕῙΕ
775 189 826 239 vn

139 356 188 411 aut
209 347 280 409 levis
295 365 397 408 ocreas
419 347 498 408 lento
519 346 629 407 ducunt
646 352 785 423 argentm

139 433 266 494 vomeris
288 431 346 492 huc
369 440 398 492 et
419 430 503 491 lalcis
525 430 628 499 honos,
652 429 711 490 huc
734 430 829 490 omnis
849 432 941 490 naut
1115 439 1168 492 oto

138 518 225 578 cessit
243 535 342 584 amor;
365 524 530 593 recoquunt
549 515 660 593 patrios
682 512 853 575 fornacibus
872 530 967 575 enses.

138 600 257 662 classica
280 603 397 679 iamque
420 608 540 675 sonaut;
563 601 586 658 it
604 598 682 660 hello
704 605 816 659 tessera
837 599 964 676 siguum.
1115 608 1167 662 ott

137 685 250 766 ⁸[pars
269 684 359 763 pedes
380 686 424 744 ire
447 693 530 761 parat
551 685 672 762 campis,
693 699 763 761 pars
784 682 894 743 arduus
914 680 979 743 altis
1115 692 1166 743 624

134 769 355 847 pulverulentus
377 770 460 846 equis
480 769 565 837 iurit;
586 784 690 828 omnes
711 784 792 827 erma
816 766 980 846 requirunt

133 873 203 933 pars
225 854 295 914 levis
319 854 429 932 clipeos
452 861 481 914 et
503 851 616 932 spicula
638 849 735 912 lucida
757 857 874 929 tergent

132 940 232 999 urina
256 941 357 1015 pingui
379 939 579 1015 subiguntque
598 937 629 995 in
653 941 718 996 cote
734 934 886 1017 securem]

132 1028 179 1087 hic
205 1026 318 1103 galeam
341 1031 426 1089 tectis
448 1029 580 1107 trepidus
601 1029 687 1106 rapit,
710 1027 759 1089 ille
780 1029 934 1091 frementis

131 1111 167 1171 ad
189 1113 254 1188 iuga
277 1113 354 1188 cogit
374 1131 465 1191 equos
489 1113 676 1191 clipeumque
698 1131 830 1192 auroque
851 1113 978 1175 trilicem

131 1194 251 1255 loricam
276 1196 407 1255 induitur
428 1198 546 1275 fidoque
564 1198 727 1276 accingitur
748 1215 827 1260 ense.

174 1280 296 1340 Pandite
319 1299 396 1341 nunc
419 1281 567 1350 Helicona,
591 1280 672 1351 deae,
695 1288 857 1361 cantusque
878 1289 1001 1353 movete,

132 1366 182 1441 qui
205 1364 282 1425 bello
306 1365 392 1426 exciti
414 1382 509 1442 reges,
533 1384 608 1445 quae
629 1384 777 1446 quemque
799 1374 916 1429 secutae

131 1449 307 1527 complerint
330 1467 449 1529 campos
472 1452 559 1521 acies,
583 1450 689 1528 quihus
709 1450 779 1511 ltala
801 1453 859 1513 iam
882 1459 945 1513 tum

130 1532 263 1595 iloruerit
285 1540 365 1595 terra
388 1534 462 1595 alma
485 1537 563 1605 viris,
589 1535 697 1613 quibus
718 1537 824 1597 arserit
845 1537 943 1597 armis.

130 1627 159 1678 et
180 1620 352 1680 meministis
372 1622 459 1689 enim,
484 1621 575 1689 divae,
599 1626 628 1680 et
646 1637 814 1681 memorare
833 1622 969 1698 potestis:

131 1703 166 1761 ad
190 1720 243 1763 nos
268 1702 313 1763 vix
336 1706 431 1764 tenuis
454 1704 549 1764 lamae
569 1701 730 1782 perlabitur
753 1721 834 1765 aura.

172 1787 287 1847 Primus
310 1789 364 1847 init
385 1788 494 1848 bellum
513 1788 673 1866 Tyrrhenis
694 1806 781 1867 asper
803 1788 839 1848 ab
861 1790 921 1849 oris

131 1877 315 1949 contemptor
337 1872 433 1932 divom
456 1872 617 1932 Mezentius
639 1874 814 1952 agminaque
840 1881 942 1934 umet.

129 1955 205 2017 iilius
228 1956 298 2016 huic
319 1958 399 2017 iuna
423 1956 543 2025 Lausus,
568 1974 625 2035 quo
650 1956 802 2034 pulchrior
826 1956 899 2018 ulter

131 2058 188 2101 non
212 2039 266 2099 iuit
287 2048 409 2118 excepto
432 2040 585 2102 Laurentis
609 2058 734 2118 corpore
755 2040 857 2111 Turni,

130 2125 250 2193 Lausus,
276 2143 361 2201 eoum
384 2124 511 2186 domitor
534 2123 756 2203 debellatorque
778 2126 919 2196 terarum,

130 2208 209 2268 ducit
229 2207 358 2287 Agyllina
383 2212 562 2291 nequiquam
583 2229 616 2270 ex
638 2209 712 2270 urhe
731 2216 847 2271 secutos

131 2290 210 2353 mille
233 2294 318 2366 viros,
343 2294 459 2373 dignus,
479 2296 581 2372 patriis
604 2296 652 2372 qui
675 2292 780 2356 laetior
801 2302 877 2356 esset

130 2378 260 2455 imperiis
283 2385 311 2438 et
333 2379 379 2439 cui
402 2387 486 2458 pater
509 2378 579 2439 haut
602 2379 762 2440 liezentius
783 2386 869 2441 esset.

171 2462 240 2521 Post
262 2461 315 2523 hos
335 2464 478 2540 insignem
499 2463 594 2542 palma
614 2481 668 2541 per
690 2464 821 2538 gramina
842 2480 962 2524 currum

129 2548 314 2625 victoresque
339 2555 464 2608 ostentat
489 2567 580 2626 equos
603 2554 682 2607 satus
702 2546 829 2608 Hercule
850 2546 977 2626 pulchro

127 2630 252 2710 pulcher
272 2633 440 2701 Aventinus,
465 2632 618 2711 clipeoque
641 2632 755 2710 insigne
773 2640 927 2710 paternum

23 2758 28 2767 .
129 2724 246 2777 centum
270 2733 380 2794 angues
404 2718 588 2793 cinctamque
607 2717 682 2793 gerit
702 2715 888 2795 serpentibus
910 2715 1059 2795 hydram:

128 2799 211 2859 collis
233 2802 365 2859 Aventini
388 2800 457 2858 silva
482 2819 568 2879 quem
590 2800 669 2859 llhea
692 2802 830 2861 sacerdos

129 2884 266 2943 iurtivom
291 2890 376 2958 partu
400 2883 453 2941 sub
477 2884 594 2942 luminis
617 2883 707 2943 edidit
728 2903 804 2955 oras,

127 2968 216 3026 mixta
240 2966 295 3025 deo
319 2965 433 3035 mulier,
456 2974 610 3044 postquam
633 2967 788 3029 Laurentia
811 2970 903 3029 victor

129 3050 264 3127 Geryone
286 3051 413 3109 extincto
435 3050 605 3127 Tirynthius
628 3053 723 3127 attigit
745 3070 813 3113 arva

127 3133 340 3213 Tyrrhenoque
362 3132 451 3195 hoves
474 3134 502 3192 in
526 3133 646 3194 ilumine
668 3135 737 3196 lavit
760 3136 894 3198 Hiberas.

440 3241 459 3277 e
634 3238 653 3275 n
829 3244 848 3281 e

126 3303 184 3384 pila
206 3321 294 3363 manu
314 3321 474 3381 saevosque
498 3309 604 3380 gerunt
625 3305 656 3362 in
678 3303 754 3364 bella
776 3305 898 3366 dolones

128 3397 156 3450 et
178 3389 267 3456 tereti¹
285 3396 417 3467 pugnant
439 3403 581 3448 mucrone
603 3388 733 3466 veruque
755 3389 882 3461 Sabello.

126 3474 189 3552 ipse
207 3472 308 3551 pedes,
328 3473 454 3549 tegimen
476 3479 618 3547 torquens
639 3469 767 3534 immane
789 3472 892 3542 leonis,
