2400 3878
427 225 569 272 vnnouu
589 225 713 272 nnuma
734 224 759 271 11
1038 213 1096 275 tot

87 380 265 443 circumfusa
284 379 358 448 ruit,
380 377 705 468 oermntunimudere
725 389 819 456 capto.

87 465 187 541 aeeipe
209 480 288 524 nuno
309 458 843 556 DmauQinsidas,emmmqm
867 479 926 522 uno
1063 469 1096 524 6⁵

88 548 167 608 disce
190 547 292 606 omnis

87 640 267 713 namqueut
284 637 441 705 conspeetu
463 629 493 687 in
514 628 610 689 medio
631 625 765 687 turbatus
786 628 906 687 inermis

88 714 216 774 constitit
238 721 325 791 atque
343 710 434 785 oculis
455 710 715 793 Phrygiq-agmina
738 705 957 788 circumspdxit:

89 796 163 857 ‘heu
185 814 259 874 quae
280 782 358 856 nuiie
375 793 475 938 tpllpp'
496 796 604 872 inquit,
629 804 721 873 ‘quae
740 812 790 853 me
807 811 933 879 {equora
955 802 1078 871 possunt

88 881 240 958 accipere!
261 888 311 940 aut
332 879 381 956 qui
447 897 477 938 m
497 879 605 938 misero
627 878 698 938 mihi
720 865 844 955 denique
863 877 970 937 restat?
1064 885 1098 941 ‘ld

88 964 135 1024 otri
156 981 252 1041 neque
272 962 352 1040 apud
372 961 487 1022 Danaos
508 979 632 1039 usquam
653 961 745 1029 loeus,
765 967 794 1021 et
815 979 850 1020 su
872 979 888 1020 e
918 961 972 1037 ipsi

87 1028 271 1108 Dardanium
292 1045 396 1142 interni
418 1063 527 1123 poenas
549 1064 616 1106 cum
636 1045 777 1122 sanguine
793 978 944 1133 find!

818 1061 850 1103 OS

815 1118 916 1141 mma!

89 1148 146 1208 quo
167 1130 275 1207 gemitu
298 1130 430 1188 conversi
452 1130 540 1189 animi
561 1145 747 1206 compressus
769 1134 798 1188 et
820 1144 913 1188 omnis

89 1214 127 1272 im
150 1221 222 1273 etus.
267 1212 420 1273 hortamur
443 1213 511 1283 fari,
531 1229 589 1290 quo
611 1213 752 1289 sanguino
774 1220 871 1272 cretus

90 1298 175 1374 quive
206 1304 264 1365 nat,
285 1313 432 1356 memores
454 1314 529 1372 quae
552 1303 588 1355 sit
607 1295 712 1357 fiducia
730 1277 873 1370 captui
1065 1302 1099 1357 75

132 1377 405 1474 ‘Cuaneqmdem
419 1377 485 1447 tibr,
501 1397 567 1447 rex,
585 1380 671 1439 luerit
686 1378 907 1454 quodcumque,
923 1374 1037 1436 fatebor
1066 1384 1097 1440 77

90 1460 172 1539 vera'
192 1463 300 1537 inquit,
322 1470 432 1537 ‘neque
451 1458 655 1549 mebnrgolioa
676 1460 818 1535 degente
837 1457 968 1535 negabo:

90 1545 146 1603 hoo
168 1545 311 1621 primum;
331 1560 399 1608 nee.
418 1543 442 1601 si
463 1544 602 1603 miserum
621 1543 737 1602 fortuna
759 1541 897 1602 Sinonem

89 1627 186 1695 linxit,
210 1643 315 1685 vanum
342 1626 428 1685 etiam
448 1625 659 1703 mendacemqu
693 1623 817 1703 inproba
840 1625 934 1715 linget,
1066 1635 1102 1689 80

90 1709 177 1768 iando
200 1707 315 1787 aliquod
334 1709 358 1768 si
381 1708 457 1769 iorle
479 1716 542 1768 tuas
563 1644 702 1785 perverds
716 1708 751 1767 ad
777 1709 867 1768 auris*
919 1712 921 1715 ’

90 1792 207 1853 Belidae
230 1809 337 1852 nomen
359 1791 521 1851 Palamedis
542 1800 571 1852 et
591 1790 699 1851 incluta
730 1808 794 1851 ama

91 1875 206 1952 gloria,⁴
220 1893 307 1952 quem
330 1873 400 1934 ialsa
423 1873 477 1934 sub
501 1858 797 1953 proditidrie’Pelasgi

89 1959 234 2039 ingo-ntem
256 1958 374 2018 infando
395 1958 514 2028 indicio,
537 1959 605 2036 quia
626 1957 702 2018 bella
722 1956 845 2028 vetabat,

90 2041 234 2102 demisere
256 2041 441 2138 Quum
456 2059 570 2127 cassum
590 2040 700 2102 lumine
719 2040 833 2138 ¹Q²²
954 2085 958 2100 ,

90 2123 131 2185 illi
153 2144 200 2185 me
222 2133 408 2228 comiterplet
430 2116 680 2202 consanguinit‘ale
699 2143 874 2203 propincum

90 2226 202 2286 pauper
224 2210 254 2268 in
276 2225 357 2268 arma
378 2217 460 2286 pater
481 2210 583 2286 primis
604 2209 663 2270 hue
682 2209 759 2268 misit
781 2208 817 2268 ab
837 2209 930 2269 annis.

91 2291 160 2351 dum
182 2291 277 2352 stabat
297 2309 389 2370 regno
408 2291 564 2370 inqplpmis
579 2309 742 2370 regumque
762 2291 877 2370 vigebat

92 2373 235 2445 conciliis,
257 2383 287 2435 et
306 2393 360 2434 nos
382 2374 499 2452 aliquod
521 2393 687 2453 nomenque
707 2376 854 2462 depo-sque

91 2459 242 2545 gessimus.
286 2458 390 2517 invidia
410 2467 565 2535 postquam
587 2458 705 2536 pellacis
727 2456 884 2533 Ulixi?

93 2534 173 2600 (haut
193 2541 292 2617 ignota
313 2539 427 2617 loquor)
450 2542 564 2616 superis
587 2528 730 2601 eorid'e‘ssit
751 2540 787 2600 ah
810 2543 883 2611 oris,

93 2621 226 2682 adflictus
246 2623 333 2681 vitam
354 2623 384 2682 in
405 2620 534 2682 tenebris
553 2621 692 2700 luctuque
712 2611 865 2684 nahelffi

93 2714 122 2766 et
141 2723 243 2766 casum
259 2705 382 2765 insontis
403 2723 519 2765 mecum
540 2705 712 2783 indignabar
731 2707 825 2768 amici.

92 2805 148 2849 nec
168 2789 248 2849 taem
270 2788 404 2858 demens,
426 2797 454 2849 et
475 2806 537 2856 me,
552 2788 618 2879 leg-rs
640 2790 722 2867 siqua
745 2789 870 2862 tulisset,

92 2872 117 2931 si
137 2872 247 2949 patrios
269 2890 407 2949 umquam
425 2890 603 2933 remeassem
621 2873 713 2933 victor
732 2874 769 2934 ad
789 2877 892 2952 Argos,

91 2956 213 3033 promisi
235 2955 361 3053 uQem
381 2964 410 3016 et
431 2951 615 3016 verdisodia
636 2975 739 3036 aspera
757 2960 843 3020 movi.

92 3037 163 3098 hino
184 3039 263 3099 mihi
276 3040 371 3117 prima
392 3039 461 3100 mali
482 3038 577 3110 labes,
599 3041 668 3101 nino
687 3059 805 3119 semper
826 3041 924 3103 Ulixes

95 3102 266 3182 df'rminibus
287 3130 401 3183 terrere
421 3110 609 3185 norishinc
630 3141 769 3202 spargere
789 3142 876 3184 voees

94 3205 126 3266 in
145 3203 263 3282 volgum
284 3204 435 3282 ambiguas
457 3215 485 3267 et
508 3225 650 3284 quaerere
672 3207 806 3267 conscius
827 3225 917 3267 arma.

94 3305 150 3347 neo
169 3287 311 3365 requierit
332 3290 423 3358 enim,
447 3289 541 3351 donec
559 3289 714 3352 Calchante
735 3290 868 3350 ministro
892 3323 925 3334 -

96 3405 295 3416 ——n—n—-un

97 3453 142 3514 ille
160 3456 226 3514 haee
241 3457 366 3531 deposita
380 3457 487 3516 tandem
506 3458 649 3530 formidine
665 3457 751 3514 latur:
