2400 3878
124 178 186 240 370
444 192 474 237 r.
496 188 640 236 venerer
663 188 815 236 niuosis

125 349 219 406 vivere
241 346 286 405 uti
307 346 422 422 cupiam
444 345 513 403 vivit
533 362 634 422 genus.
658 352 690 403 ut
711 343 781 422 quid
802 361 857 422 ego
879 362 981 404 amens

124 439 153 489 te
174 437 289 507 erepta,
312 447 331 488 o
351 427 536 495 Britomarti,
560 428 619 486 mei
640 444 707 505 spes
729 445 785 487 uua
808 425 965 505 sepulchri,
1083 434 1140 486 20⁶

124 521 167 582 te,
191 512 375 580 Britomarti,
398 510 475 570 diem
498 512 580 589 potui
602 509 767 588 producere
789 511 881 570 vitae?

124 606 212 675 atque
232 598 343 655 utinam
366 592 456 654 celeri
479 613 516 653 ne
538 603 650 653 tantum
673 604 756 669 grata
778 594 886 654 Dianae

125 688 245 740 venatus
266 696 346 738 esses
367 679 449 755 virgo
470 686 581 737 sectata
602 679 740 746 virorum,

124 765 231 825 Gnosia
254 778 309 822 nec
331 761 440 821 Partho
462 760 644 820 contendens
665 759 778 838 spicula
799 779 891 821 cornu

125 848 256 908 iiictaeas
277 863 381 922 ageres
402 843 439 904 ad
461 846 594 922 gramina
617 854 685 904 nota
708 843 847 922 capetias:
1083 851 1139 904 300

125 947 283 1009 numquam
306 937 364 988 tam
387 927 493 988 obnixe
509 928 623 1005 fugiens
644 927 749 988 Minois
771 945 886 988 amores

124 1031 265 1093 praeceps
287 1012 360 1072 atrii
381 1010 500 1089 specula
522 1011 558 1071 de
580 1013 688 1071 montis
709 1011 802 1080 iisses,

123 1097 202 1158 unde
223 1095 271 1157 alii
293 1095 402 1173 fugisse
423 1094 523 1155 ierunt
544 1105 574 1155 et
595 1096 715 1154 numina
736 1095 870 1173 Aphaeae

124 1182 246 1258 virginis
268 1179 435 1256 adsignant,
460 1175 524 1248 aiii,
547 1196 605 1256 quo
628 1180 726 1238 notior
748 1196 836 1247 esses,

125 1265 296 1342 Dictynnam
319 1263 420 1323 dixere
441 1269 492 1321 tuo
514 1261 550 1321 de
573 1263 693 1322 nomine
714 1260 824 1322 lunam.
1083 1269 1138 1322 305

124 1350 183 1409 sint
204 1348 277 1407 haec
300 1363 367 1406 vera
390 1344 490 1414 relim;
514 1345 586 1404 mihi
608 1353 704 1415 certe,
727 1354 810 1415 nata,
833 1348 950 1425 peristi:

124 1450 283 1511 numquam
306 1447 360 1508 ego
382 1439 411 1489 te
433 1446 548 1489 summo
570 1427 737 1491 volitantem
760 1431 790 1488 in
813 1431 921 1490 vertice
943 1429 1051 1489 montis

125 1516 275 1594 ilyrcanos
296 1515 374 1574 lnter
396 1515 518 1573 comites
540 1529 704 1592 agmenque
725 1512 855 1572 terarum

125 1599 302 1678 conspiciam
325 1614 380 1657 nec
403 1603 431 1655 te
454 1597 626 1657 redeuntem
649 1595 782 1675 amplexa
805 1596 921 1658 tenebo.

125 1702 225 1743 verum
249 1683 322 1742 haec
343 1688 406 1741 tum
429 1698 488 1741 non
511 1682 553 1741 sic
575 1682 674 1758 gravia
696 1689 782 1759 atque
804 1680 924 1759 indigna
946 1679 1039 1751 tuere,
1084 1687 1139 1741 310

126 1775 202 1835 tum,
224 1783 290 1826 mea
312 1764 443 1835 alumna,
467 1765 509 1824 tui
531 1782 597 1824 cum
620 1782 687 1843 spes
708 1765 823 1842 integra
845 1772 992 1833 manerct;

125 1861 154 1909 et
175 1868 230 1909 vox
250 1850 305 1907 ista
328 1865 408 1908 meas
430 1847 561 1907 nondum
584 1847 740 1907 violaverat
762 1866 857 1909 aures.

126 1942 192 1992 tene
216 1933 303 1991 etiarn
325 1931 455 1990 Fortuna
478 1930 550 1990 mihi
573 1929 700 1990 crudelis
722 1931 839 2002 ademit,

126 2025 208 2084 tene,
232 2034 249 2073 o
271 2012 332 2073 sola
355 2031 437 2072 meae
459 2011 574 2071 vivendi
596 2031 682 2073 causa
704 2022 840 2074 senectae

124 2117 212 2177 saepe
235 2107 284 2158 tuo
307 2095 385 2156 dulci
407 2097 584 2175 nequiquam
607 2106 691 2175 capta
712 2115 828 2176 sopore,
1086 2105 1139 2159 310

125 2200 191 2241 cum
214 2187 364 2258 premeret
385 2186 504 2249 natura,
527 2181 604 2239 mori
625 2198 674 2239 mc
697 2179 769 2240 velle
792 2183 904 2259 negavi,

124 2274 157 2325 ut
180 2265 232 2325 tibi
255 2264 376 2342 Corycio
399 2261 594 2340 glomerarem
617 2262 751 2324 flammea
772 2263 843 2324 luto.

125 2368 182 2428 quo
205 2365 365 2416 numme,
389 2347 504 2417 infelix,
527 2355 577 2407 aut
599 2365 673 2427 quae
695 2366 742 2407 me
764 2347 823 2408 iata
844 2349 1013 2409 reservant?

125 2452 162 2492 an
185 2434 294 2502 nescis,
317 2449 373 2510 qua
395 2428 460 2510 lege
482 2432 574 2511 patris
596 2431 632 2491 de
654 2434 764 2493 vertice
785 2450 899 2494 summo

125 2517 202 2577 edita
225 2515 383 2576 candentes
404 2523 556 2593 praetexat
577 2534 709 2595 purpura
732 2535 828 2586 canos,
1084 2521 1139 2575 320

125 2618 199 2679 quae
221 2600 318 2661 tenuis
339 2600 434 2678 patrio
456 2617 524 2678 spes
546 2601 584 2659 sit
598 2618 739 2680 suspensa
762 2598 884 2680 capillo?

124 2685 150 2746 si
172 2685 282 2753 nescis,
306 2682 431 2761 aliquam
454 2702 573 2762 possum
595 2702 716 2763 sperare
737 2683 869 2752 salutem,

124 2768 215 2827 inscia
238 2766 473 2846 quandoquidem
492 2767 588 2828 scelus
610 2786 642 2827 es
664 2776 767 2829 conata
790 2766 964 2835 nefandum

124 2853 169 2909 sin
193 2850 334 2929 estquod
358 2857 473 2919 metuo,
497 2870 551 2931 per
573 2859 617 2921 tc,
640 2870 705 2913 mea
727 2851 861 2920 alumna,
883 2859 1023 2930 tuumque

126 2943 278 3011 expertum
301 2934 400 2993 muttis
422 2935 548 2993 miserae
570 2935 643 2994 mihi
665 2934 754 2996 rebus
776 2953 918 3005 amorem,
1085 2942 1138 2994 325

125 3016 253 3096 perdita,
276 3032 361 3075 saeva
382 3032 489 3093 precor
511 3035 565 3096 per
585 3015 697 3079 lumina
719 3027 748 3078 te
770 3017 910 3095 ilithyiae,

125 3118 162 3159 ne
185 3107 298 3159 tantum
319 3099 350 3157 in
372 3097 485 3159 facinus
507 3107 567 3159 tam
590 3100 669 3162 nulla
692 3108 790 3162 mente
813 3100 927 3162 teraris.

125 3202 183 3243 non
207 3201 261 3261 ego
283 3189 313 3242 te
334 3182 465 3261 incepto,
488 3184 552 3243 fieri
575 3186 653 3263 quod
676 3202 735 3246 non
757 3192 841 3263 pote,
865 3203 955 3246 conor

125 3266 244 3326 flectere
266 3284 381 3335 amore,
405 3283 500 3347 neque
523 3276 567 3328 est
589 3286 655 3328 cum
678 3268 723 3328 dis
745 3268 925 3330 contendere
948 3276 1098 3338 nostrum;

126 3350 177 3409 sed
198 3352 291 3428 patris
312 3349 452 3410 incolumi
474 3353 571 3431 potius
594 3350 744 3411 denubere
766 3370 859 3431 regno
1080 3360 1136 3413 330

124 3445 211 3510 atque
233 3433 345 3513 aliquos
367 3443 465 3495 tamen
487 3433 734 3504 essentiatur,
758 3435 889 3508 alumna,
911 3444 1042 3517 penates.
