2400 3878
385 215 528 263 vnnonn
549 216 675 264 sunsrs
698 217 761 264 vin
1017 207 1077 268 241

62 372 222 453 persolves.
257 391 311 450 ego
329 391 403 442 sum,
429 372 518 452 pleno
543 391 631 451 quem
652 371 774 433 ilumine
798 375 893 434 cernis

61 458 254 534 mingentem
276 457 355 534 ripas
371 461 405 517 'et
427 457 547 534 pinguia
571 457 647 518 culta
672 469 830 528 secantem,

61 540 213 602 caeruleus
233 539 369 619 Thybris,
390 539 471 602 caelo
490 542 673 618 gratissImus
695 542 798 602 amnis.

60 624 109 684 hic
128 624 199 685 mihi
222 643 326 703 magna
347 625 460 696 domus,
484 624 569 686 celsis
590 635 678 705 caput
700 625 832 696 urbibus,
857 626 932 686 enit.¹
1045 633 1080 684 61

102 709 187 777 Dixit,
213 709 318 771 deinde
338 708 405 770 lacu
427 709 533 772 ilurius
553 728 586 771 se
608 710 739 771 condidit
760 709 827 778 alto,

59 793 116 852 ima
137 799 256 871 petens;
280 812 339 855 nox
361 795 480 855 Aenean
502 813 681 873 somnusque
702 793 829 872 reliquit.

58 880 152 954 surgit
175 885 204 937 et
227 878 349 940 aetherii
370 886 508 956 spectans
530 880 653 939 orientia
676 878 745 939 solis

58 959 170 1021 lumina
193 962 249 1022 rite
271 964 348 1023 cavis
370 964 480 1024 undam
502 962 539 1023 de
557 962 679 1023 ilumine
701 962 807 1043 palmis

59 1046 182 1105 sustinet
206 1063 241 1106 11
264 1048 328 1107 talis
351 1047 474 1108 effundit
496 1047 533 1108 ad
555 1046 675 1109 aethera
693 1065 795 1108 voces:
1047 1051 1081 1102 ⁷0

59 1130 230 1208 ‘nymphae
253 1131 416 1193 Laurentes
437 1132 592 1211 nymphae,
616 1149 710 1210 genus
732 1131 867 1193 amnibus
889 1129 1005 1197 undest,

58 1220 159 1292 tuque,
184 1232 200 1272 o
224 1213 337 1294 Thybri
359 1224 410 1277 tuo
433 1218 547 1294 genitor
571 1234 639 1277 curn
661 1217 781 1278 flumine
804 1223 914 1284 sancto,

57 1299 181 1375 accipite
200 1300 319 1359 Aenean
339 1306 369 1361 et
390 1300 510 1361 tandem
532 1308 632 1362 arcete
652 1301 779 1379 periclis.
868 1298 873 1308 '

58 1399 116 1459 quo
140 1390 168 1441 te
191 1399 319 1461 cumque
341 1383 423 1444 lacus
444 1385 634 1445 miserantem
652 1386 840 1445 incommoda
862 1393 962 1445 nostra

57 1465 138 1525 ionte
157 1473 245 1535 tenet,
268 1485 456 1546 quocumque
478 1467 541 1527 solo
565 1467 783 1544 pulcherrimus
806 1469 876 1536 exis,
1048 1469 1082 1520 ⁷5

57 1567 175 1628 semper
198 1550 313 1611 honore
335 1568 412 1621 meo,
434 1569 552 1629 semper
571 1549 763 1612 celebrabere
786 1550 880 1621 donis,

57 1635 196 1709 corniger
219 1634 410 1714 hesperidum
431 1634 537 1696 iturius
557 1643 698 1713 regnator
719 1652 872 1713 aquarum.

57 1717 134 1778 adsis
155 1737 172 1777 o
194 1725 307 1780 tantum
329 1728 358 1780 et
378 1721 502 1800 propius
524 1729 575 1780 tua
594 1720 715 1780 numina
736 1717 856 1781 firmes!

57 1802 99 1861 sic
121 1811 269 1863 memorat
289 1806 480 1882 geminasque
502 1803 572 1882 legit
592 1804 629 1865 de
651 1802 743 1865 classe
765 1803 887 1864 biremis

57 1887 240 1965 remigioque
258 1896 347 1967 aptat,
367 1890 462 1950 socios
484 1887 572 1949 simui
593 1889 712 1948 instruit
732 1889 832 1949 armis.
1046 1889 1082 1941 80

100 1970 175 2032 Ecce
198 1979 297 2032 autem
319 1972 449 2034 subitum
474 1982 562 2051 atque
584 1971 677 2033 oculis
699 1971 834 2033 mirabile
857 1977 1032 2037 monstrum,

57 2053 179 2115 candida
200 2074 255 2134 per
278 2057 380 2118 silvam
402 2075 469 2119 cum
489 2057 551 2117 ietu
574 2056 714 2118 concolor
732 2055 799 2117 albo

56 2139 214 2219 procubuit
235 2142 379 2221 viridique
399 2142 430 2201 in
450 2141 536 2202 litore
559 2140 741 2221 conspicitur
763 2157 821 2201 sus.

57 2241 145 2302 quam
164 2226 230 2303 pius
251 2226 364 2287 Aeneas
384 2226 438 2286 tibi
461 2227 549 2296 enim,
570 2225 633 2295 tibi,
657 2243 795 2286 maxuma
817 2224 899 2294 iuno,

56 2315 165 2367 mactat
185 2326 269 2370 sacra
289 2311 388 2371 ferens
411 2319 440 2371 et
462 2329 531 2370 cum
552 2326 644 2388 grege
665 2310 740 2369 sistit
760 2310 797 2369 ad
817 2325 908 2368 aram.

56 2388 185 2468 Thybris
207 2410 241 2452 ea
260 2391 392 2463 fluvium,
415 2411 504 2470 quam
526 2391 614 2468 ionga
637 2400 689 2462 est,
711 2400 798 2452 nocie
822 2397 984 2450 tumentem

56 2473 147 2543 leniit,
172 2483 201 2535 et
222 2477 309 2536 tacita
331 2476 461 2537 reiiuens
485 2477 524 2535 111
546 2475 675 2535 substitit
697 2476 785 2543 unda,

56 2559 135 2619 mitis
157 2560 240 2619 utin
262 2576 377 2619 morem
399 2560 494 2636 stagni
517 2558 707 2637 placidaeque
729 2557 845 2636 paludis

56 2650 203 2703 sterneret
224 2660 335 2720 aequor
356 2645 449 2721 aquis,
471 2660 554 2702 remo
576 2652 608 2702 nt
630 2641 779 2702 luctamen
802 2641 927 2701 abesset.

59 2744 131 2803 ergo
154 2728 210 2787 iter
232 2727 381 2806 inceptum
406 2726 535 2787 celerant
553 2743 675 2786 rumore
697 2725 837 2787 secundo.
1049 2728 1084 2780 90

58 2810 167 2871 labitur
189 2820 278 2872 uncta
299 2811 379 2872 radis
397 2811 491 2871 abies:
513 2811 658 2870 mirantur
681 2821 709 2871 et
729 2810 835 2879 undae,
1136 2815 1143 2823 “

59 2895 182 2956 miratur
201 2914 306 2957 nemus
327 2897 477 2958 insuetum
500 2893 640 2973 fulgentia
663 2894 751 2972 longe

60 2988 141 3040 scuta
163 2981 257 3042 virum
279 2980 367 3042 iluvio
387 2983 541 3061 pictasque
562 2981 668 3041 innare
691 2981 815 3041 carinas.

60 3062 110 3123 olli
130 3066 254 3144 remigio
276 3072 454 3145 noctemque
475 3065 611 3142 diemque
632 3063 756 3142 fatigant

61 3156 89 3208 et
110 3145 214 3227 longos
234 3157 375 3229 superant
395 3149 489 3210 ilexus
512 3150 659 3227 variisque
681 3157 821 3225 teguntur
1048 3145 1082 3202 95

10 3280 13 3313 i
60 3231 218 3292 arboribus
236 3234 393 3311 1111111111
415 3241 515 3295 secant
533 3230 649 3311 placido
673 3249 802 3311 aequore
825 3229 919 3314 silvas.

62 3316 106 3377 sol
130 3316 260 3376 medium
281 3317 354 3378 caeli
374 3316 588 3379 conscenderat
611 3317 715 3392 igneus
736 3312 850 3383 orbem,

62 3418 129 3462 curn
151 3419 252 3460 muros
273 3419 432 3480 arcemque
452 3419 507 3481 pro
526 3399 558 3460 ul
577 3419 611 3460 ac
633 3417 701 3460 rara
725 3399 880 3459 domorum

10 3526 16 3575 t
60 3491 138 3548 tecta
159 3483 266 3555 vident,
290 3501 367 3562 quae
387 3502 465 3546 nunc
486 3483 618 3544 limana
639 3484 769 3561 potentia
792 3479 873 3542 caelo

114 3600 247 3644 11111111,
268 3599 381 3636 1111111.
837 3577 877 3639 16
