<?xml version="1.0" encoding="UTF-8"?>
<!DOCTYPE html PUBLIC "-//W3C//DTD XHTML 1.0 Transitional//EN"
    "http://www.w3.org/TR/xhtml1/DTD/xhtml1-transitional.dtd">
<html xmlns="http://www.w3.org/1999/xhtml" xml:lang="en" lang="en">
 <head>
  <title>
</title>
<meta http-equiv="Content-Type" content="text/html;charset=utf-8" />
  <meta name='ocr-system' content='tesseract 3.04.00' />
  <meta name='ocr-capabilities' content='ocr_page ocr_carea ocr_par ocr_line ocrx_word'/>
</head>
<body>
  <div class='ocr_page' id='page_1' title='image "./operainusumscho00virggoog_0235.png"; bbox 0 0 2400 3878; ppageno 0'>
   <div class='ocr_carea' id='block_1_1' title="bbox 400 156 1076 258">
    <p class='ocr_par' dir='ltr' id='par_1_1' title="bbox 400 156 1076 258">
     <span class='ocr_line' id='line_1_1' title="bbox 400 156 1076 258; baseline 0.007 -6"><span class='ocrx_word' id='word_1_1' title='bbox 400 205 544 253; x_wconf 80' lang='grc'><strong>11111111</strong></span> <span class='ocrx_word' id='word_1_2' title='bbox 566 206 692 254; x_wconf 77' lang='grc'><strong>11111111</strong></span> <span class='ocrx_word' id='word_1_3' title='bbox 710 207 747 254; x_wconf 87' lang='lat' dir='ltr'><strong>vr</strong></span> <span class='ocrx_word' id='word_1_4' title='bbox 873 156 877 181; x_wconf 29' lang='grc' dir='ltr'><em>Ι</em></span> <span class='ocrx_word' id='word_1_5' title='bbox 1017 197 1076 258; x_wconf 80' lang='lat' dir='ltr'><strong>sse</strong></span> 
     </span>
    </p>
   </div>
   <div class='ocr_carea' id='block_1_2' title="bbox 57 360 1077 3528">
    <p class='ocr_par' dir='ltr' id='par_1_2' title="bbox 64 360 766 440">
     <span class='ocr_line' id='line_1_2' title="bbox 64 360 766 440; baseline 0 -19"><span class='ocrx_word' id='word_1_6' title='bbox 64 379 83 421; x_wconf 91' lang='lat' dir='ltr'><strong>o</strong></span> <span class='ocrx_word' id='word_1_7' title='bbox 105 366 204 439; x_wconf 84' lang='lat' dir='ltr'><strong>virgo,</strong></span> <span class='ocrx_word' id='word_1_8' title='bbox 223 377 297 421; x_wconf 87' lang='lat' dir='ltr'><strong>nova</strong></span> <span class='ocrx_word' id='word_1_9' title='bbox 316 361 357 421; x_wconf 93' lang='lat' dir='ltr'><strong>mi</strong></span> <span class='ocrx_word' id='word_1_10' title='bbox 378 360 467 420; x_wconf 86' lang='lat' dir='ltr'><strong>facies</strong></span> <span class='ocrx_word' id='word_1_11' title='bbox 488 361 641 440; x_wconf 78' lang='lat' dir='ltr'><strong>inopinave</strong></span> <span class='ocrx_word' id='word_1_12' title='bbox 661 363 766 438; x_wconf 81' lang='lat' dir='ltr'><strong>surgit;</strong></span> 
     </span>
    </p>

    <p class='ocr_par' dir='ltr' id='par_1_3' title="bbox 64 445 1077 525">
     <span class='ocr_line' id='line_1_3' title="bbox 64 445 1077 525; baseline 0.008 -22"><span class='ocrx_word' id='word_1_13' title='bbox 64 446 161 505; x_wconf 86' lang='lat' dir='ltr'><strong>omnia</strong></span> <span class='ocrx_word' id='word_1_14' title='bbox 182 445 320 522; x_wconf 88' lang='lat' dir='ltr'><strong>praecepi</strong></span> <span class='ocrx_word' id='word_1_15' title='bbox 337 451 424 523; x_wconf 89' lang='lat' dir='ltr'><strong>atque</strong></span> <span class='ocrx_word' id='word_1_16' title='bbox 446 445 542 505; x_wconf 91' lang='lat' dir='ltr'><strong>animo</strong></span> <span class='ocrx_word' id='word_1_17' title='bbox 561 460 677 505; x_wconf 91' lang='lat' dir='ltr'><strong>meeum</strong></span> <span class='ocrx_word' id='word_1_18' title='bbox 699 452 766 505; x_wconf 89' lang='lat' dir='ltr'><strong>ante</strong></span> <span class='ocrx_word' id='word_1_19' title='bbox 786 447 895 525; x_wconf 75' lang='lat' dir='ltr'><strong>peregi.</strong></span> <span class='ocrx_word' id='word_1_20' title='bbox 1028 459 1077 511; x_wconf 81' lang='lat' dir='ltr'><strong>tot</strong></span> 
     </span>
    </p>

    <p class='ocr_par' dir='ltr' id='par_1_4' title="bbox 64 527 783 607">
     <span class='ocr_line' id='line_1_4' title="bbox 64 527 783 607; baseline -0.001 -18"><span class='ocrx_word' id='word_1_21' title='bbox 64 546 157 590; x_wconf 90' lang='lat' dir='ltr'><strong>unum</strong></span> <span class='ocrx_word' id='word_1_22' title='bbox 175 546 243 588; x_wconf 90' lang='lat' dir='ltr'><strong>oro:</strong></span> <span class='ocrx_word' id='word_1_23' title='bbox 267 527 384 606; x_wconf 88' lang='lat' dir='ltr'><strong>quando</strong></span> <span class='ocrx_word' id='word_1_24' title='bbox 406 527 454 587; x_wconf 92' lang='lat' dir='ltr'><strong>hie</strong></span> <span class='ocrx_word' id='word_1_25' title='bbox 475 528 582 589; x_wconf 80' lang='lat' dir='ltr'><strong>interni</strong></span> <span class='ocrx_word' id='word_1_26' title='bbox 602 528 687 589; x_wconf 87' lang='lat' dir='ltr'><strong>ianua</strong></span> <span class='ocrx_word' id='word_1_27' title='bbox 706 529 783 607; x_wconf 84' lang='lat' dir='ltr'><strong>regis</strong></span> 
     </span>
    </p>

    <p class='ocr_par' dir='ltr' id='par_1_5' title="bbox 64 610 819 689">
     <span class='ocr_line' id='line_1_5' title="bbox 64 610 819 689; baseline 0 -18"><span class='ocrx_word' id='word_1_28' title='bbox 64 611 169 671; x_wconf 89' lang='lat' dir='ltr'><strong>dicitur</strong></span> <span class='ocrx_word' id='word_1_29' title='bbox 189 619 217 671; x_wconf 90' lang='lat' dir='ltr'><strong>et</strong></span> <span class='ocrx_word' id='word_1_30' title='bbox 237 611 392 672; x_wconf 87' lang='lat' dir='ltr'><strong>tenebrosa</strong></span> <span class='ocrx_word' id='word_1_31' title='bbox 414 610 498 689; x_wconf 85' lang='lat' dir='ltr'><strong>palus</strong></span> <span class='ocrx_word' id='word_1_32' title='bbox 519 612 683 672; x_wconf 78' lang='lat' dir='ltr'><strong>Acheronte</strong></span> <span class='ocrx_word' id='word_1_33' title='bbox 705 613 819 682; x_wconf 84' lang='lat' dir='ltr'><strong>refuso,</strong></span> 
     </span>
    </p>

    <p class='ocr_par' dir='ltr' id='par_1_6' title="bbox 63 692 737 773">
     <span class='ocr_line' id='line_1_6' title="bbox 63 692 737 773; baseline 0.001 -18"><span class='ocrx_word' id='word_1_34' title='bbox 63 692 106 755; x_wconf 84' lang='lat' dir='ltr'><strong>ire</strong></span> <span class='ocrx_word' id='word_1_35' title='bbox 128 694 164 755; x_wconf 90' lang='lat' dir='ltr'><strong>ad</strong></span> <span class='ocrx_word' id='word_1_36' title='bbox 184 702 372 773; x_wconf 88' lang='lat' dir='ltr'><strong>conspectum</strong></span> <span class='ocrx_word' id='word_1_37' title='bbox 394 695 453 754; x_wconf 89' lang='lat' dir='ltr'><strong>cari</strong></span> <span class='ocrx_word' id='word_1_38' title='bbox 475 696 613 772; x_wconf 80' lang='lat' dir='ltr'><strong>genitoris</strong></span> <span class='ocrx_word' id='word_1_39' title='bbox 635 703 664 756; x_wconf 87' lang='lat' dir='ltr'><strong>et</strong></span> <span class='ocrx_word' id='word_1_40' title='bbox 686 713 737 756; x_wconf 93' lang='lat' dir='ltr'><strong>ora</strong></span> 
     </span>
    </p>

    <p class='ocr_par' dir='ltr' id='par_1_7' title="bbox 63 778 812 857">
     <span class='ocr_line' id='line_1_7' title="bbox 63 778 812 857; baseline -0.001 -18"><span class='ocrx_word' id='word_1_41' title='bbox 63 779 229 857; x_wconf 54' lang='lat' dir='ltr'><strong>contingam</strong></span> <span class='ocrx_word' id='word_1_42' title='bbox 251 778 357 839; x_wconf 90' lang='lat' dir='ltr'><strong>doceas</strong></span> <span class='ocrx_word' id='word_1_43' title='bbox 374 779 429 839; x_wconf 88' lang='lat' dir='ltr'><strong>iter</strong></span> <span class='ocrx_word' id='word_1_44' title='bbox 449 786 477 839; x_wconf 90' lang='lat' dir='ltr'><strong>et</strong></span> <span class='ocrx_word' id='word_1_45' title='bbox 498 797 581 840; x_wconf 89' lang='lat' dir='ltr'><strong>sacra</strong></span> <span class='ocrx_word' id='word_1_46' title='bbox 602 780 673 839; x_wconf 92' lang='lat' dir='ltr'><strong>ostia</strong></span> <span class='ocrx_word' id='word_1_47' title='bbox 691 779 812 856; x_wconf 90' lang='lat' dir='ltr'><strong>pandas.</strong></span> 
     </span>
    </p>

    <p class='ocr_par' dir='ltr' id='par_1_8' title="bbox 63 861 1077 942">
     <span class='ocr_line' id='line_1_8' title="bbox 63 861 1077 942; baseline 0.003 -20"><span class='ocrx_word' id='word_1_48' title='bbox 63 861 145 922; x_wconf 89' lang='lat' dir='ltr'><strong>illum</strong></span> <span class='ocrx_word' id='word_1_49' title='bbox 168 879 222 940; x_wconf 80' lang='lat' dir='ltr'><strong>ego</strong></span> <span class='ocrx_word' id='word_1_50' title='bbox 241 879 295 940; x_wconf 92' lang='lat' dir='ltr'><strong>per</strong></span> <span class='ocrx_word' id='word_1_51' title='bbox 313 861 446 922; x_wconf 86' lang='lat' dir='ltr'><strong>llammas</strong></span> <span class='ocrx_word' id='word_1_52' title='bbox 469 868 497 922; x_wconf 92' lang='lat' dir='ltr'><strong>et</strong></span> <span class='ocrx_word' id='word_1_53' title='bbox 519 861 597 923; x_wconf 92' lang='lat' dir='ltr'><strong>mille</strong></span> <span class='ocrx_word' id='word_1_54' title='bbox 617 864 767 942; x_wconf 81' lang='lat' dir='ltr'>sequentia</span> <span class='ocrx_word' id='word_1_55' title='bbox 787 862 843 923; x_wconf 94' lang='lat' dir='ltr'><strong>tela</strong></span> <span class='ocrx_word' id='word_1_56' title='bbox 1029 875 1077 926; x_wconf 83' lang='lat'><strong>110</strong></span> 
     </span>
    </p>

    <p class='ocr_par' dir='ltr' id='par_1_9' title="bbox 63 946 829 1025">
     <span class='ocr_line' id='line_1_9' title="bbox 63 946 829 1025; baseline 0.001 -20"><span class='ocrx_word' id='word_1_57' title='bbox 63 947 157 1023; x_wconf 89' lang='lat' dir='ltr'><strong>eripui</strong></span> <span class='ocrx_word' id='word_1_58' title='bbox 179 946 224 1006; x_wconf 90' lang='lat' dir='ltr'><strong>his</strong></span> <span class='ocrx_word' id='word_1_59' title='bbox 246 947 355 1006; x_wconf 88' lang='lat' dir='ltr'><strong>umeris</strong></span> <span class='ocrx_word' id='word_1_60' title='bbox 378 946 533 1025; x_wconf 89' lang='lat' dir='ltr'><strong>medioque</strong></span> <span class='ocrx_word' id='word_1_61' title='bbox 557 964 592 1007; x_wconf 86' lang='lat' dir='ltr'><strong>ex</strong></span> <span class='ocrx_word' id='word_1_62' title='bbox 613 946 697 1007; x_wconf 86' lang='lat' dir='ltr'><strong>hoste</strong></span> <span class='ocrx_word' id='word_1_63' title='bbox 716 948 829 1024; x_wconf 84' lang='lat' dir='ltr'>recepi:</span> 
     </span>
    </p>

    <p class='ocr_par' dir='ltr' id='par_1_10' title="bbox 62 1027 843 1091">
     <span class='ocr_line' id='line_1_10' title="bbox 62 1027 843 1091; baseline 0.004 -3"><span class='ocrx_word' id='word_1_64' title='bbox 62 1027 110 1089; x_wconf 87' lang='lat' dir='ltr'><strong>ille</strong></span> <span class='ocrx_word' id='word_1_65' title='bbox 128 1047 227 1089; x_wconf 85' lang='lat' dir='ltr'><strong>meum</strong></span> <span class='ocrx_word' id='word_1_66' title='bbox 249 1031 401 1090; x_wconf 81' lang='lat' dir='ltr'><strong>comitatus</strong></span> <span class='ocrx_word' id='word_1_67' title='bbox 423 1031 478 1090; x_wconf 89' lang='lat' dir='ltr'><strong>iter</strong></span> <span class='ocrx_word' id='word_1_68' title='bbox 498 1031 589 1090; x_wconf 88' lang='lat' dir='ltr'><strong>maria</strong></span> <span class='ocrx_word' id='word_1_69' title='bbox 611 1031 707 1091; x_wconf 91' lang='lat' dir='ltr'><strong>omnia</strong></span> <span class='ocrx_word' id='word_1_70' title='bbox 726 1048 843 1091; x_wconf 90' lang='lat' dir='ltr'><strong>mecum</strong></span> 
     </span>
    </p>

    <p class='ocr_par' dir='ltr' id='par_1_11' title="bbox 63 1112 854 1193">
     <span class='ocr_line' id='line_1_11' title="bbox 63 1112 854 1193; baseline 0.001 -21"><span class='ocrx_word' id='word_1_71' title='bbox 63 1121 149 1193; x_wconf 90' lang='lat' dir='ltr'><strong>atque</strong></span> <span class='ocrx_word' id='word_1_72' title='bbox 172 1115 266 1174; x_wconf 90' lang='lat' dir='ltr'><strong>omnis</strong></span> <span class='ocrx_word' id='word_1_73' title='bbox 287 1112 442 1193; x_wconf 79' lang='lat' dir='ltr'><strong>pelagique</strong></span> <span class='ocrx_word' id='word_1_74' title='bbox 464 1116 557 1175; x_wconf 89' lang='lat' dir='ltr'><strong>minas</strong></span> <span class='ocrx_word' id='word_1_75' title='bbox 575 1113 705 1193; x_wconf 89' lang='lat' dir='ltr'><strong>caelique</strong></span> <span class='ocrx_word' id='word_1_76' title='bbox 727 1112 854 1184; x_wconf 86' lang='lat' dir='ltr'><strong>ferebat,</strong></span> 
     </span>
    </p>

    <p class='ocr_par' dir='ltr' id='par_1_12' title="bbox 62 1195 758 1277">
     <span class='ocr_line' id='line_1_12' title="bbox 62 1195 758 1277; baseline 0.006 -22"><span class='ocrx_word' id='word_1_77' title='bbox 62 1196 219 1267; x_wconf 83' lang='lat' dir='ltr'><strong>invalidus,</strong></span> <span class='ocrx_word' id='word_1_78' title='bbox 241 1197 309 1257; x_wconf 83' lang='lat' dir='ltr'><strong>viris</strong></span> <span class='ocrx_word' id='word_1_79' title='bbox 331 1195 407 1258; x_wconf 89' lang='lat' dir='ltr'><strong>ultra</strong></span> <span class='ocrx_word' id='word_1_80' title='bbox 427 1205 594 1277; x_wconf 82' lang='lat' dir='ltr'>sortemque</span> <span class='ocrx_word' id='word_1_81' title='bbox 615 1204 758 1259; x_wconf 80' lang='lat' dir='ltr'><strong>senectae.</strong></span> 
     </span>
    </p>

    <p class='ocr_par' dir='ltr' id='par_1_13' title="bbox 63 1280 1077 1359">
     <span class='ocr_line' id='line_1_13' title="bbox 63 1280 1077 1359; baseline 0.003 -19"><span class='ocrx_word' id='word_1_82' title='bbox 63 1282 149 1358; x_wconf 89' lang='lat' dir='ltr'><strong>quin,</strong></span> <span class='ocrx_word' id='word_1_83' title='bbox 172 1288 204 1341; x_wconf 90' lang='lat' dir='ltr'><strong>ut</strong></span> <span class='ocrx_word' id='word_1_84' title='bbox 223 1289 252 1341; x_wconf 88' lang='lat' dir='ltr'><strong>te</strong></span> <span class='ocrx_word' id='word_1_85' title='bbox 272 1280 395 1358; x_wconf 82' lang='lat' dir='ltr'><strong>supplex</strong></span> <span class='ocrx_word' id='word_1_86' title='bbox 416 1289 546 1359; x_wconf 82' lang='lat' dir='ltr'><strong>peterem</strong></span> <span class='ocrx_word' id='word_1_87' title='bbox 567 1290 597 1342; x_wconf 93' lang='lat' dir='ltr'><strong>et</strong></span> <span class='ocrx_word' id='word_1_88' title='bbox 617 1288 667 1343; x_wconf 89' lang='lat' dir='ltr'><strong>tua</strong></span> <span class='ocrx_word' id='word_1_89' title='bbox 687 1282 785 1342; x_wconf 87' lang='lat' dir='ltr'><strong>limina</strong></span> <span class='ocrx_word' id='word_1_90' title='bbox 803 1280 928 1350; x_wconf 85' lang='lat' dir='ltr'><strong>adirem,</strong></span> <span class='ocrx_word' id='word_1_91' title='bbox 1027 1293 1077 1343; x_wconf 79' lang='grc'><strong>111</strong></span> 
     </span>
    </p>

    <p class='ocr_par' dir='ltr' id='par_1_14' title="bbox 61 1363 884 1445">
     <span class='ocr_line' id='line_1_14' title="bbox 61 1363 884 1445; baseline 0.002 -22"><span class='ocrx_word' id='word_1_92' title='bbox 61 1363 139 1423; x_wconf 90' lang='lat' dir='ltr'><strong>idem</strong></span> <span class='ocrx_word' id='word_1_93' title='bbox 159 1382 247 1424; x_wconf 91' lang='lat' dir='ltr'><strong>orans</strong></span> <span class='ocrx_word' id='word_1_94' title='bbox 267 1365 402 1425; x_wconf 89' lang='lat' dir='ltr'><strong>mandata</strong></span> <span class='ocrx_word' id='word_1_95' title='bbox 424 1365 519 1426; x_wconf 92' lang='lat' dir='ltr'><strong>dabat.</strong></span> <span class='ocrx_word' id='word_1_96' title='bbox 564 1367 702 1444; x_wconf 84' lang='lat' dir='ltr'><strong>gnatique</strong></span> <span class='ocrx_word' id='word_1_97' title='bbox 719 1365 884 1445; x_wconf 89' lang='lat' dir='ltr'><strong>patrisque,</strong></span> 
     </span>
    </p>

    <p class='ocr_par' dir='ltr' id='par_1_15' title="bbox 61 1447 981 1528">
     <span class='ocr_line' id='line_1_15' title="bbox 61 1447 981 1528; baseline 0.002 -22"><span class='ocrx_word' id='word_1_98' title='bbox 61 1447 151 1517; x_wconf 90' lang='lat' dir='ltr'><strong>alma,</strong></span> <span class='ocrx_word' id='word_1_99' title='bbox 174 1465 298 1525; x_wconf 86' lang='lat' dir='ltr'><strong>precor,</strong></span> <span class='ocrx_word' id='word_1_100' title='bbox 318 1448 458 1509; x_wconf 91' lang='lat' dir='ltr'><strong>miserere</strong></span> <span class='ocrx_word' id='word_1_101' title='bbox 481 1449 573 1525; x_wconf 88' lang='lat' dir='ltr'><strong>(potes</strong></span> <span class='ocrx_word' id='word_1_102' title='bbox 594 1466 720 1528; x_wconf 88' lang='lat' dir='ltr'><strong>namque</strong></span> <span class='ocrx_word' id='word_1_103' title='bbox 743 1449 852 1517; x_wconf 90' lang='lat' dir='ltr'><strong>omnia,</strong></span> <span class='ocrx_word' id='word_1_104' title='bbox 876 1465 930 1508; x_wconf 87' lang='lat' dir='ltr'><strong>nec</strong></span> <span class='ocrx_word' id='word_1_105' title='bbox 953 1455 981 1508; x_wconf 90' lang='lat' dir='ltr'><strong>te</strong></span> 
     </span>
    </p>

    <p class='ocr_par' dir='ltr' id='par_1_16' title="bbox 61 1531 789 1609">
     <span class='ocr_line' id='line_1_16' title="bbox 61 1531 789 1609; baseline 0 -19"><span class='ocrx_word' id='word_1_106' title='bbox 61 1532 239 1608; x_wconf 87' lang='lat' dir='ltr'><strong>nequiquam</strong></span> <span class='ocrx_word' id='word_1_107' title='bbox 261 1531 334 1591; x_wconf 90' lang='lat' dir='ltr'><strong>lucis</strong></span> <span class='ocrx_word' id='word_1_108' title='bbox 355 1531 463 1592; x_wconf 86' lang='lat' dir='ltr'><strong>llecate</strong></span> <span class='ocrx_word' id='word_1_109' title='bbox 482 1531 623 1608; x_wconf 86' lang='lat' dir='ltr'><strong>praefecit</strong></span> <span class='ocrx_word' id='word_1_110' title='bbox 643 1532 789 1609; x_wconf 78' lang='lat' dir='ltr'><strong>Auernis),</strong></span> 
     </span>
    </p>

    <p class='ocr_par' dir='ltr' id='par_1_17' title="bbox 61 1613 800 1692">
     <span class='ocr_line' id='line_1_17' title="bbox 61 1613 800 1692; baseline -0.003 -17"><span class='ocrx_word' id='word_1_111' title='bbox 61 1617 85 1675; x_wconf 84' lang='lat' dir='ltr'><strong>si</strong></span> <span class='ocrx_word' id='word_1_112' title='bbox 106 1616 200 1692; x_wconf 90' lang='lat' dir='ltr'><strong>potuit</strong></span> <span class='ocrx_word' id='word_1_113' title='bbox 222 1616 316 1675; x_wconf 90' lang='lat' dir='ltr'><strong>manis</strong></span> <span class='ocrx_word' id='word_1_114' title='bbox 340 1631 491 1676; x_wconf 83' lang='lat' dir='ltr'><strong>arcessere</strong></span> <span class='ocrx_word' id='word_1_115' title='bbox 511 1614 643 1692; x_wconf 81' lang='lat' dir='ltr'><strong>coniugis</strong></span> <span class='ocrx_word' id='word_1_116' title='bbox 664 1613 800 1691; x_wconf 88' lang='lat' dir='ltr'><strong>Orpheus</strong></span> 
     </span>
    </p>

    <p class='ocr_par' dir='ltr' id='par_1_18' title="bbox 65 1695 1076 1776">
     <span class='ocr_line' id='line_1_18' title="bbox 65 1695 1076 1776; baseline -0.001 -16"><span class='ocrx_word' id='word_1_117' title='bbox 65 1699 214 1760; x_wconf 84' lang='lat' dir='ltr'><strong>lhraeiola</strong></span> <span class='ocrx_word' id='word_1_118' title='bbox 229 1696 322 1757; x_wconf 78' lang='lat' dir='ltr'><strong>fretus</strong></span> <span class='ocrx_word' id='word_1_119' title='bbox 338 1695 450 1759; x_wconf 83' lang='lat' dir='ltr'><strong>cithara</strong></span> <span class='ocrx_word' id='word_1_120' title='bbox 462 1697 628 1776; x_wconf 84' lang='lat' dir='ltr'><strong>fidibusque</strong></span> <span class='ocrx_word' id='word_1_121' title='bbox 651 1698 779 1767; x_wconf 88' lang='lat' dir='ltr'><strong>canoris,</strong></span> <span class='ocrx_word' id='word_1_122' title='bbox 1026 1708 1076 1761; x_wconf 80' lang='lat' dir='ltr'><strong>lto</strong></span> 
     </span>
    </p>

    <p class='ocr_par' dir='ltr' id='par_1_19' title="bbox 60 1778 748 1842">
     <span class='ocr_line' id='line_1_19' title="bbox 60 1778 748 1842; baseline 0 -2"><span class='ocrx_word' id='word_1_123' title='bbox 60 1785 84 1840; x_wconf 87' lang='lat' dir='ltr'><strong>si</strong></span> <span class='ocrx_word' id='word_1_124' title='bbox 107 1778 227 1841; x_wconf 87' lang='lat' dir='ltr'><strong>lratrem</strong></span> <span class='ocrx_word' id='word_1_125' title='bbox 250 1780 353 1841; x_wconf 86' lang='lat' dir='ltr'><strong>Pollux</strong></span> <span class='ocrx_word' id='word_1_126' title='bbox 375 1781 486 1842; x_wconf 91' lang='lat' dir='ltr'><strong>alterna</strong></span> <span class='ocrx_word' id='word_1_127' title='bbox 508 1787 603 1842; x_wconf 93' lang='lat' dir='ltr'><strong>morte</strong></span> <span class='ocrx_word' id='word_1_128' title='bbox 624 1781 748 1842; x_wconf 84' lang='lat' dir='ltr'><strong>redemit</strong></span> 
     </span>
    </p>

    <p class='ocr_par' dir='ltr' id='par_1_20' title="bbox 60 1865 949 1944">
     <span class='ocr_line' id='line_1_20' title="bbox 60 1865 949 1944; baseline 0.002 -22"><span class='ocrx_word' id='word_1_129' title='bbox 60 1865 140 1942; x_wconf 90' lang='lat' dir='ltr'><strong>itque</strong></span> <span class='ocrx_word' id='word_1_130' title='bbox 162 1865 296 1942; x_wconf 92' lang='lat' dir='ltr'><strong>reditque</strong></span> <span class='ocrx_word' id='word_1_131' title='bbox 316 1865 391 1924; x_wconf 83' lang='lat' dir='ltr'><strong>viam</strong></span> <span class='ocrx_word' id='word_1_132' title='bbox 413 1867 528 1926; x_wconf 87' lang='lat' dir='ltr'><strong>totiens.</strong></span> <span class='ocrx_word' id='word_1_133' title='bbox 573 1865 642 1944; x_wconf 93' lang='lat' dir='ltr'><strong>quid</strong></span> <span class='ocrx_word' id='word_1_134' title='bbox 662 1865 775 1925; x_wconf 84' lang='lat' dir='ltr'><strong>Thesea</strong></span> <span class='ocrx_word' id='word_1_135' title='bbox 796 1881 949 1943; x_wconf 79' lang='lat' dir='ltr'><strong>magnum,</strong></span> 
     </span>
    </p>

    <p class='ocr_par' dir='ltr' id='par_1_21' title="bbox 61 1946 1002 2112">
     <span class='ocr_line' id='line_1_21' title="bbox 61 1946 1002 2026; baseline 0 -18"><span class='ocrx_word' id='word_1_136' title='bbox 61 1948 130 2025; x_wconf 91' lang='lat' dir='ltr'><strong>quid</strong></span> <span class='ocrx_word' id='word_1_137' title='bbox 154 1965 314 2009; x_wconf 88' lang='lat' dir='ltr'><strong>memorem</strong></span> <span class='ocrx_word' id='word_1_138' title='bbox 333 1946 473 2009; x_wconf 81' lang='lat' dir='ltr'><strong>Alcident</strong></span> <span class='ocrx_word' id='word_1_139' title='bbox 495 1957 524 2009; x_wconf 90' lang='lat' dir='ltr'><strong>et</strong></span> <span class='ocrx_word' id='word_1_140' title='bbox 541 1951 583 2008; x_wconf 93' lang='lat' dir='ltr'><strong>mi</strong></span> <span class='ocrx_word' id='word_1_141' title='bbox 604 1966 697 2026; x_wconf 80' lang='lat' dir='ltr'><strong>genus</strong></span> <span class='ocrx_word' id='word_1_142' title='bbox 718 1948 754 2010; x_wconf 89' lang='lat' dir='ltr'><strong>ah</strong></span> <span class='ocrx_word' id='word_1_143' title='bbox 773 1948 841 2010; x_wconf 87' lang='lat' dir='ltr'><strong>lore</strong></span> <span class='ocrx_word' id='word_1_144' title='bbox 862 1947 1002 2009; x_wconf 82' lang='lat' dir='ltr'><strong>summo&#39;</strong></span> 
     </span>
     <span class='ocr_line' id='line_1_22' title="bbox 102 2030 747 2112; baseline 0.003 -22"><span class='ocrx_word' id='word_1_145' title='bbox 102 2030 220 2092; x_wconf 86' lang='lat' dir='ltr'><strong>Talibus</strong></span> <span class='ocrx_word' id='word_1_146' title='bbox 243 2031 346 2092; x_wconf 90' lang='lat' dir='ltr'><strong>orabat</strong></span> <span class='ocrx_word' id='word_1_147' title='bbox 367 2033 450 2093; x_wconf 87' lang='lat' dir='ltr'><strong>dietis</strong></span> <span class='ocrx_word' id='word_1_148' title='bbox 471 2050 596 2112; x_wconf 89' lang='lat' dir='ltr'><strong>arasque</strong></span> <span class='ocrx_word' id='word_1_149' title='bbox 615 2031 747 2102; x_wconf 82' lang='lat' dir='ltr'><strong>tenebat,</strong></span> 
     </span>
    </p>

    <p class='ocr_par' dir='ltr' id='par_1_22' title="bbox 61 2114 1076 2194">
     <span class='ocr_line' id='line_1_23' title="bbox 61 2114 1076 2194; baseline 0.002 -19"><span class='ocrx_word' id='word_1_150' title='bbox 61 2133 126 2175; x_wconf 90' lang='lat' dir='ltr'><strong>cum</strong></span> <span class='ocrx_word' id='word_1_151' title='bbox 147 2117 189 2175; x_wconf 89' lang='lat' dir='ltr'><strong>sic</strong></span> <span class='ocrx_word' id='word_1_152' title='bbox 211 2134 277 2176; x_wconf 91' lang='lat' dir='ltr'><strong>orsa</strong></span> <span class='ocrx_word' id='word_1_153' title='bbox 300 2114 381 2194; x_wconf 91' lang='lat' dir='ltr'><strong>loqui</strong></span> <span class='ocrx_word' id='word_1_154' title='bbox 401 2124 497 2178; x_wconf 87' lang='lat' dir='ltr'><strong>vates:</strong></span> <span class='ocrx_word' id='word_1_155' title='bbox 521 2124 599 2178; x_wconf 83' lang='lat' dir='ltr'><strong>‘sate</strong></span> <span class='ocrx_word' id='word_1_156' title='bbox 622 2117 763 2194; x_wconf 80' lang='lat' dir='ltr'><strong>sanguine</strong></span> <span class='ocrx_word' id='word_1_157' title='bbox 784 2116 895 2183; x_wconf 83' lang='lat' dir='ltr'><strong>divom,</strong></span> <span class='ocrx_word' id='word_1_158' title='bbox 1026 2125 1076 2178; x_wconf 75' lang='grc'><strong>115</strong></span> 
     </span>
    </p>

    <p class='ocr_par' dir='ltr' id='par_1_23' title="bbox 59 2197 778 2269">
     <span class='ocr_line' id='line_1_24' title="bbox 59 2197 778 2269; baseline 0.003 -11"><span class='ocrx_word' id='word_1_159' title='bbox 59 2197 133 2258; x_wconf 85' lang='lat' dir='ltr'><strong>Tros</strong></span> <span class='ocrx_word' id='word_1_160' title='bbox 153 2199 345 2269; x_wconf 79' lang='lat' dir='ltr'><strong>Anchisiade,</strong></span> <span class='ocrx_word' id='word_1_161' title='bbox 370 2200 460 2260; x_wconf 83' lang='lat' dir='ltr'><strong>facilis</strong></span> <span class='ocrx_word' id='word_1_162' title='bbox 483 2201 640 2262; x_wconf 89' lang='lat' dir='ltr'><strong>descensus</strong></span> <span class='ocrx_word' id='word_1_163' title='bbox 662 2201 778 2262; x_wconf 87' lang='lat' dir='ltr'><strong>hverno</strong></span> 
     </span>
    </p>

    <p class='ocr_par' dir='ltr' id='par_1_24' title="bbox 60 2281 769 2363">
     <span class='ocr_line' id='line_1_25' title="bbox 60 2281 769 2363; baseline 0.006 -22"><span class='ocrx_word' id='word_1_164' title='bbox 60 2281 170 2358; x_wconf 89' lang='lat' dir='ltr'><strong>(noctes</strong></span> <span class='ocrx_word' id='word_1_165' title='bbox 192 2289 278 2361; x_wconf 82' lang='lat' dir='ltr'><strong>atque</strong></span> <span class='ocrx_word' id='word_1_166' title='bbox 302 2284 364 2344; x_wconf 88' lang='lat' dir='ltr'><strong>dies</strong></span> <span class='ocrx_word' id='word_1_167' title='bbox 386 2291 465 2361; x_wconf 92' lang='lat' dir='ltr'><strong>patet</strong></span> <span class='ocrx_word' id='word_1_168' title='bbox 489 2285 544 2345; x_wconf 89' lang='lat' dir='ltr'><strong>atri</strong></span> <span class='ocrx_word' id='word_1_169' title='bbox 564 2286 650 2345; x_wconf 90' lang='lat' dir='ltr'><strong>ianua</strong></span> <span class='ocrx_word' id='word_1_170' title='bbox 672 2284 769 2363; x_wconf 59' lang='lat' dir='ltr'><strong>hiesu</strong></span> 
     </span>
    </p>

    <p class='ocr_par' dir='ltr' id='par_1_25' title="bbox 59 2365 927 2446">
     <span class='ocr_line' id='line_1_26' title="bbox 59 2365 927 2446; baseline 0.003 -23"><span class='ocrx_word' id='word_1_171' title='bbox 59 2365 109 2424; x_wconf 91' lang='lat' dir='ltr'><strong>sed</strong></span> <span class='ocrx_word' id='word_1_172' title='bbox 120 2383 259 2425; x_wconf 83' lang='lat' dir='ltr'><strong>revocare</strong></span> <span class='ocrx_word' id='word_1_173' title='bbox 281 2367 404 2443; x_wconf 84' lang='lat' dir='ltr'><strong>gradum</strong></span> <span class='ocrx_word' id='word_1_174' title='bbox 426 2385 607 2446; x_wconf 90' lang='lat' dir='ltr'><strong>superasque</strong></span> <span class='ocrx_word' id='word_1_175' title='bbox 627 2367 750 2429; x_wconf 88' lang='lat' dir='ltr'><strong>evadere</strong></span> <span class='ocrx_word' id='word_1_176' title='bbox 767 2368 804 2428; x_wconf 91' lang='lat' dir='ltr'><strong>ad</strong></span> <span class='ocrx_word' id='word_1_177' title='bbox 825 2385 927 2435; x_wconf 85' lang='lat' dir='ltr'><strong>auras,</strong></span> 
     </span>
    </p>

    <p class='ocr_par' dir='ltr' id='par_1_26' title="bbox 60 2447 956 2526">
     <span class='ocr_line' id='line_1_27' title="bbox 60 2447 956 2526; baseline 0.002 -20"><span class='ocrx_word' id='word_1_178' title='bbox 60 2447 116 2507; x_wconf 90' lang='lat' dir='ltr'><strong>hoc</strong></span> <span class='ocrx_word' id='word_1_179' title='bbox 140 2466 228 2525; x_wconf 90' lang='lat' dir='ltr'><strong>opus,</strong></span> <span class='ocrx_word' id='word_1_180' title='bbox 251 2448 299 2508; x_wconf 89' lang='lat' dir='ltr'><strong>hie</strong></span> <span class='ocrx_word' id='word_1_181' title='bbox 318 2448 402 2509; x_wconf 84' lang='lat' dir='ltr'><strong>labor</strong></span> <span class='ocrx_word' id='word_1_182' title='bbox 423 2456 475 2509; x_wconf 89' lang='lat' dir='ltr'><strong>est.</strong></span> <span class='ocrx_word' id='word_1_183' title='bbox 520 2453 621 2526; x_wconf 86' lang='lat' dir='ltr'><strong>pauci,</strong></span> <span class='ocrx_word' id='word_1_184' title='bbox 645 2468 720 2526; x_wconf 89' lang='lat' dir='ltr'><strong>quos</strong></span> <span class='ocrx_word' id='word_1_185' title='bbox 740 2469 828 2510; x_wconf 89' lang='lat' dir='ltr'><strong>aecus</strong></span> <span class='ocrx_word' id='word_1_186' title='bbox 850 2450 956 2510; x_wconf 84' lang='lat' dir='ltr'><strong>amavit</strong></span> 
     </span>
    </p>

    <p class='ocr_par' dir='ltr' id='par_1_27' title="bbox 60 2530 1074 2608">
     <span class='ocr_line' id='line_1_28' title="bbox 60 2530 1074 2608; baseline 0.002 -19"><span class='ocrx_word' id='word_1_187' title='bbox 60 2530 189 2608; x_wconf 91' lang='lat' dir='ltr'><strong>luppiter</strong></span> <span class='ocrx_word' id='word_1_188' title='bbox 210 2538 260 2590; x_wconf 91' lang='lat' dir='ltr'><strong>aut</strong></span> <span class='ocrx_word' id='word_1_189' title='bbox 279 2531 385 2590; x_wconf 89' lang='lat' dir='ltr'><strong>ardens</strong></span> <span class='ocrx_word' id='word_1_190' title='bbox 408 2534 501 2592; x_wconf 83' lang='lat' dir='ltr'><strong>evexit</strong></span> <span class='ocrx_word' id='word_1_191' title='bbox 523 2532 559 2592; x_wconf 92' lang='lat' dir='ltr'><strong>ad</strong></span> <span class='ocrx_word' id='word_1_192' title='bbox 581 2533 700 2593; x_wconf 89' lang='lat' dir='ltr'><strong>aethera</strong></span> <span class='ocrx_word' id='word_1_193' title='bbox 722 2535 827 2604; x_wconf 84' lang='lat' dir='ltr'><strong>virtus,</strong></span> <span class='ocrx_word' id='word_1_194' title='bbox 1025 2541 1074 2594; x_wconf 79' lang='grc'><strong>1311</strong></span> 
     </span>
    </p>

    <p class='ocr_par' dir='ltr' id='par_1_28' title="bbox 60 2613 869 2691">
     <span class='ocr_line' id='line_1_29' title="bbox 60 2613 869 2691; baseline 0.004 -19"><span class='ocrx_word' id='word_1_195' title='bbox 60 2613 104 2673; x_wconf 90' lang='lat' dir='ltr'><strong>dis</strong></span> <span class='ocrx_word' id='word_1_196' title='bbox 125 2614 214 2689; x_wconf 84' lang='lat' dir='ltr'><strong>geniti</strong></span> <span class='ocrx_word' id='word_1_197' title='bbox 235 2621 368 2691; x_wconf 86' lang='lat' dir='ltr'><strong>potuere.</strong></span> <span class='ocrx_word' id='word_1_198' title='bbox 413 2622 513 2674; x_wconf 89' lang='lat' dir='ltr'><strong>tenent</strong></span> <span class='ocrx_word' id='word_1_199' title='bbox 534 2617 630 2675; x_wconf 91' lang='lat' dir='ltr'><strong>media</strong></span> <span class='ocrx_word' id='word_1_200' title='bbox 652 2617 749 2675; x_wconf 92' lang='lat' dir='ltr'><strong>omnia</strong></span> <span class='ocrx_word' id='word_1_201' title='bbox 767 2614 869 2683; x_wconf 83' lang='lat' dir='ltr'><strong>silvae,</strong></span> 
     </span>
    </p>

    <p class='ocr_par' dir='ltr' id='par_1_29' title="bbox 60 2695 755 2775">
     <span class='ocr_line' id='line_1_30' title="bbox 60 2695 755 2775; baseline 0.001 -18"><span class='ocrx_word' id='word_1_202' title='bbox 60 2697 242 2775; x_wconf 75' lang='lat' dir='ltr'><strong>Cocytusque</strong></span> <span class='ocrx_word' id='word_1_203' title='bbox 264 2697 329 2757; x_wconf 85' lang='lat' dir='ltr'><strong>stnu</strong></span> <span class='ocrx_word' id='word_1_204' title='bbox 352 2695 453 2758; x_wconf 89' lang='lat' dir='ltr'><strong>labens</strong></span> <span class='ocrx_word' id='word_1_205' title='bbox 475 2698 667 2759; x_wconf 85' lang='lat' dir='ltr'><strong>circumvenit</strong></span> <span class='ocrx_word' id='word_1_206' title='bbox 683 2705 755 2758; x_wconf 86' lang='lat' dir='ltr'><strong>atro.</strong></span> 
     </span>
    </p>

    <p class='ocr_par' dir='ltr' id='par_1_30' title="bbox 59 2780 812 2858">
     <span class='ocr_line' id='line_1_31' title="bbox 59 2780 812 2858; baseline 0.003 -18"><span class='ocrx_word' id='word_1_207' title='bbox 59 2780 138 2858; x_wconf 90' lang='lat' dir='ltr'><strong>quod</strong></span> <span class='ocrx_word' id='word_1_208' title='bbox 160 2781 184 2838; x_wconf 89' lang='lat' dir='ltr'><strong>si</strong></span> <span class='ocrx_word' id='word_1_209' title='bbox 205 2787 301 2841; x_wconf 87' lang='lat' dir='ltr'><strong>tantus</strong></span> <span class='ocrx_word' id='word_1_210' title='bbox 324 2798 406 2841; x_wconf 91' lang='lat' dir='ltr'><strong>amor</strong></span> <span class='ocrx_word' id='word_1_211' title='bbox 431 2783 535 2850; x_wconf 90' lang='lat' dir='ltr'><strong>menti,</strong></span> <span class='ocrx_word' id='word_1_212' title='bbox 560 2783 584 2841; x_wconf 90' lang='lat' dir='ltr'><strong>si</strong></span> <span class='ocrx_word' id='word_1_213' title='bbox 606 2788 685 2841; x_wconf 90' lang='lat' dir='ltr'><strong>tanta</strong></span> <span class='ocrx_word' id='word_1_214' title='bbox 707 2782 812 2858; x_wconf 89' lang='lat' dir='ltr'><strong>cupido</strong></span> 
     </span>
    </p>

    <p class='ocr_par' dir='ltr' id='par_1_31' title="bbox 59 2863 771 2942">
     <span class='ocr_line' id='line_1_32' title="bbox 59 2863 771 2942; baseline 0.004 -19"><span class='ocrx_word' id='word_1_215' title='bbox 59 2864 104 2923; x_wconf 92' lang='lat' dir='ltr'><strong>bis</strong></span> <span class='ocrx_word' id='word_1_216' title='bbox 123 2864 237 2941; x_wconf 80' lang='lat' dir='ltr'><strong>Stygios</strong></span> <span class='ocrx_word' id='word_1_217' title='bbox 258 2865 360 2924; x_wconf 90' lang='lat' dir='ltr'><strong>innare</strong></span> <span class='ocrx_word' id='word_1_218' title='bbox 381 2863 476 2934; x_wconf 90' lang='lat' dir='ltr'><strong>lacus,</strong></span> <span class='ocrx_word' id='word_1_219' title='bbox 502 2865 547 2925; x_wconf 89' lang='lat' dir='ltr'><strong>his</strong></span> <span class='ocrx_word' id='word_1_220' title='bbox 567 2867 650 2942; x_wconf 81' lang='lat' dir='ltr'><strong>nigra</strong></span> <span class='ocrx_word' id='word_1_221' title='bbox 672 2865 771 2926; x_wconf 88' lang='lat' dir='ltr'><strong>videre</strong></span> 
     </span>
    </p>

    <p class='ocr_par' dir='ltr' id='par_1_32' title="bbox 58 2947 1074 3025">
     <span class='ocr_line' id='line_1_33' title="bbox 58 2947 1074 3025; baseline 0.004 -19"><span class='ocrx_word' id='word_1_222' title='bbox 58 2947 194 3015; x_wconf 85' lang='lat' dir='ltr'><strong>Tartara,</strong></span> <span class='ocrx_word' id='word_1_223' title='bbox 219 2957 248 3008; x_wconf 92' lang='lat' dir='ltr'><strong>et</strong></span> <span class='ocrx_word' id='word_1_224' title='bbox 267 2949 369 3008; x_wconf 86' lang='lat' dir='ltr'><strong>insano</strong></span> <span class='ocrx_word' id='word_1_225' title='bbox 390 2950 469 3009; x_wconf 86' lang='lat' dir='ltr'><strong>iuvat</strong></span> <span class='ocrx_word' id='word_1_226' title='bbox 490 2947 644 3025; x_wconf 84' lang='lat' dir='ltr'><strong>indulgere</strong></span> <span class='ocrx_word' id='word_1_227' title='bbox 663 2948 772 3019; x_wconf 89' lang='lat' dir='ltr'><strong>labori,</strong></span> <span class='ocrx_word' id='word_1_228' title='bbox 1024 2956 1074 3010; x_wconf 78' lang='lat'><strong>1³⁶</strong></span> 
     </span>
    </p>

    <p class='ocr_par' dir='ltr' id='par_1_33' title="bbox 57 3031 902 3111">
     <span class='ocr_line' id='line_1_34' title="bbox 57 3031 902 3111; baseline -0.001 -20"><span class='ocrx_word' id='word_1_229' title='bbox 57 3032 157 3109; x_wconf 87' lang='lat' dir='ltr'><strong>accipe</strong></span> <span class='ocrx_word' id='word_1_230' title='bbox 177 3049 252 3108; x_wconf 87' lang='lat' dir='ltr'><strong>quae</strong></span> <span class='ocrx_word' id='word_1_231' title='bbox 271 3032 438 3110; x_wconf 83' lang='lat' dir='ltr'><strong>peragenda</strong></span> <span class='ocrx_word' id='word_1_232' title='bbox 459 3032 551 3111; x_wconf 89' lang='lat' dir='ltr'><strong>prius.</strong></span> <span class='ocrx_word' id='word_1_233' title='bbox 595 3031 665 3093; x_wconf 89' lang='lat' dir='ltr'><strong>latet</strong></span> <span class='ocrx_word' id='word_1_234' title='bbox 681 3032 789 3094; x_wconf 90' lang='lat' dir='ltr'><strong>arbore</strong></span> <span class='ocrx_word' id='word_1_235' title='bbox 811 3049 902 3111; x_wconf 88' lang='lat' dir='ltr'><strong>opaca</strong></span> 
     </span>
    </p>

    <p class='ocr_par' dir='ltr' id='par_1_34' title="bbox 60 3114 725 3185">
     <span class='ocr_line' id='line_1_35' title="bbox 60 3114 725 3185; baseline 0.003 -11"><span class='ocrx_word' id='word_1_236' title='bbox 60 3131 167 3174; x_wconf 84' lang='lat' dir='ltr'><strong>eureus</strong></span> <span class='ocrx_word' id='word_1_237' title='bbox 189 3122 217 3175; x_wconf 92' lang='lat' dir='ltr'><strong>et</strong></span> <span class='ocrx_word' id='word_1_238' title='bbox 238 3114 313 3174; x_wconf 88' lang='lat' dir='ltr'><strong>loliis</strong></span> <span class='ocrx_word' id='word_1_239' title='bbox 335 3124 364 3176; x_wconf 89' lang='lat' dir='ltr'><strong>et</strong></span> <span class='ocrx_word' id='word_1_240' title='bbox 385 3115 465 3176; x_wconf 90' lang='lat' dir='ltr'><strong>lento</strong></span> <span class='ocrx_word' id='word_1_241' title='bbox 485 3117 591 3185; x_wconf 84' lang='lat' dir='ltr'><strong>vimine</strong></span> <span class='ocrx_word' id='word_1_242' title='bbox 611 3135 725 3184; x_wconf 85' lang='lat' dir='ltr'><strong>ramus,</strong></span> 
     </span>
    </p>

    <p class='ocr_par' dir='ltr' id='par_1_35' title="bbox 61 3196 855 3277">
     <span class='ocr_line' id='line_1_36' title="bbox 61 3196 855 3277; baseline 0 -19"><span class='ocrx_word' id='word_1_243' title='bbox 61 3196 164 3258; x_wconf 90' lang='lat' dir='ltr'><strong>lunoni</strong></span> <span class='ocrx_word' id='word_1_244' title='bbox 180 3198 311 3258; x_wconf 80' lang='lat' dir='ltr'><strong>infernae</strong></span> <span class='ocrx_word' id='word_1_245' title='bbox 333 3198 427 3259; x_wconf 90' lang='lat' dir='ltr'><strong>dictus</strong></span> <span class='ocrx_word' id='word_1_246' title='bbox 449 3217 549 3269; x_wconf 91' lang='lat' dir='ltr'><strong>sacer;</strong></span> <span class='ocrx_word' id='word_1_247' title='bbox 570 3199 649 3261; x_wconf 89' lang='lat' dir='ltr'><strong>hune</strong></span> <span class='ocrx_word' id='word_1_248' title='bbox 668 3201 740 3277; x_wconf 83' lang='lat' dir='ltr'><strong>tegit</strong></span> <span class='ocrx_word' id='word_1_249' title='bbox 761 3201 855 3260; x_wconf 88' lang='lat' dir='ltr'><strong>omnis</strong></span> 
     </span>
    </p>

    <p class='ocr_par' dir='ltr' id='par_1_36' title="bbox 58 3279 865 3343">
     <span class='ocr_line' id='line_1_37' title="bbox 58 3279 865 3343; baseline 0.002 -4"><span class='ocrx_word' id='word_1_250' title='bbox 58 3279 142 3340; x_wconf 88' lang='lat' dir='ltr'><strong>lucus</strong></span> <span class='ocrx_word' id='word_1_251' title='bbox 166 3289 195 3340; x_wconf 91' lang='lat' dir='ltr'><strong>et</strong></span> <span class='ocrx_word' id='word_1_252' title='bbox 216 3279 349 3342; x_wconf 86' lang='lat' dir='ltr'><strong>obscuris</strong></span> <span class='ocrx_word' id='word_1_253' title='bbox 373 3281 511 3343; x_wconf 86' lang='lat' dir='ltr'><strong>claudunt</strong></span> <span class='ocrx_word' id='word_1_254' title='bbox 533 3282 712 3343; x_wconf 87' lang='lat' dir='ltr'><strong>convalhhus</strong></span> <span class='ocrx_word' id='word_1_255' title='bbox 733 3282 865 3343; x_wconf 87' lang='lat' dir='ltr'><strong>umhrae.</strong></span> 
     </span>
    </p>

    <p class='ocr_par' dir='ltr' id='par_1_37' title="bbox 57 3361 1073 3443">
     <span class='ocr_line' id='line_1_38' title="bbox 57 3361 1073 3443; baseline 0.003 -22"><span class='ocrx_word' id='word_1_256' title='bbox 57 3361 183 3423; x_wconf 90' lang='lat' dir='ltr'><strong>sednon</strong></span> <span class='ocrx_word' id='word_1_257' title='bbox 205 3370 271 3424; x_wconf 89' lang='lat' dir='ltr'><strong>ante</strong></span> <span class='ocrx_word' id='word_1_258' title='bbox 292 3364 378 3425; x_wconf 90' lang='lat' dir='ltr'><strong>datur</strong></span> <span class='ocrx_word' id='word_1_259' title='bbox 399 3365 512 3427; x_wconf 89' lang='lat' dir='ltr'><strong>telluris</strong></span> <span class='ocrx_word' id='word_1_260' title='bbox 534 3373 636 3443; x_wconf 88' lang='lat' dir='ltr'><strong>operta</strong></span> <span class='ocrx_word' id='word_1_261' title='bbox 657 3365 771 3435; x_wconf 87' lang='lat' dir='ltr'><strong>subire,</strong></span> <span class='ocrx_word' id='word_1_262' title='bbox 1024 3373 1073 3426; x_wconf 82' lang='lat' dir='ltr'><strong>lto</strong></span> 
     </span>
    </p>

    <p class='ocr_par' dir='ltr' id='par_1_38' title="bbox 58 3446 837 3528">
     <span class='ocr_line' id='line_1_39' title="bbox 58 3446 837 3528; baseline 0.005 -23"><span class='ocrx_word' id='word_1_263' title='bbox 58 3446 223 3507; x_wconf 83' lang='lat' dir='ltr'><strong>auricomos</strong></span> <span class='ocrx_word' id='word_1_264' title='bbox 242 3463 330 3526; x_wconf 85' lang='lat' dir='ltr'><strong>quam</strong></span> <span class='ocrx_word' id='word_1_265' title='bbox 352 3449 401 3528; x_wconf 90' lang='lat' dir='ltr'><strong>qui</strong></span> <span class='ocrx_word' id='word_1_266' title='bbox 423 3449 603 3526; x_wconf 89' lang='lat' dir='ltr'><strong>decerpserit</strong></span> <span class='ocrx_word' id='word_1_267' title='bbox 623 3448 730 3510; x_wconf 87' lang='lat' dir='ltr'><strong>arbore</strong></span> <span class='ocrx_word' id='word_1_268' title='bbox 753 3449 837 3509; x_wconf 86' lang='lat' dir='ltr'><strong>letus.</strong></span> 
     </span>
    </p>
   </div>
   <div class='ocr_carea' id='block_1_3' title="bbox 802 3545 865 3606">
    <p class='ocr_par' dir='ltr' id='par_1_39' title="bbox 802 3545 865 3606">
     <span class='ocr_line' id='line_1_40' title="bbox 802 3545 865 3606; baseline -0.032 0"><span class='ocrx_word' id='word_1_269' title='bbox 802 3545 865 3606; x_wconf 78' lang='lat'><strong>13*</strong></span> 
     </span>
    </p>
   </div>
   <div class='ocr_carea' id='block_1_4' title="bbox 0 0 1204 3878">
    <p class='ocr_par' dir='ltr' id='par_1_40' title="bbox 0 0 1204 3878">
     <span class='ocr_line' id='line_1_41' title="bbox 0 0 1204 3878; baseline 0 1"><span class='ocrx_word' id='word_1_270' title='bbox 0 0 1204 3878; x_wconf 95' lang='lat' dir='ltr'><strong> </strong></span> 
     </span>
    </p>
   </div>
  </div>
 </body>
</html>
