2400 3878
419 210 558 258 vesunu
581 210 706 259 Annulo
724 211 746 257 V

78 376 139 427 turn
159 365 226 442 pius
246 365 358 426 Aeneas
396 364 531 443 equidem
554 364 596 424 sic
617 381 739 441 poscere
761 372 861 425 ventos

76 445 235 507 iandudum
258 455 286 508 et
304 448 413 508 irustra
435 465 524 508 cerno
547 453 575 507 te
596 446 717 509 tendere
736 453 846 507 contra.

77 529 162 591 ilecte
180 531 255 590 viam
272 530 352 591 velis.
397 550 433 591 an
456 532 492 590 sit
514 529 584 590 mihi
606 532 715 608 gratior
736 530 810 600 ulla,

76 631 170 691 quove
186 615 278 690 magis
300 614 389 674 iessas
411 624 509 692 optem
524 613 675 675 demittere
696 616 790 683 navis,

76 713 163 776 quam
184 715 259 774 quae
281 697 457 758 Dardanium
477 697 564 758 tellus
584 698 655 757 mihi
676 706 771 758 servat
790 695 918 758 Acesten
1049 710 1084 762 ³⁰

77 785 106 839 et
127 781 217 856 patris
235 781 379 842 Anchisae
400 783 513 856 gremio
532 780 732 859 complectitur
753 780 849 840 ossal'

75 861 148 923 haec
168 862 218 922 ubi
233 864 324 934 dicta,
347 871 451 943 petunt
469 871 585 943 portus,
609 874 638 925 et
657 864 719 924 vela
738 863 856 925 secundi

75 946 229 1006 intendunt
250 948 385 1027 zephyri:
410 948 503 1009 iertur
526 948 580 1008 cita
601 949 716 1026 gurgite
738 947 850 1015 classis,

75 1038 103 1087 et
120 1029 237 1090 tandem
255 1030 322 1091 laeti
339 1039 426 1091 notae
444 1031 632 1092 advertuntur
652 1031 788 1092 harenae.

115 1112 151 1170 At
171 1112 274 1190 procul
298 1133 333 1174 ex
354 1114 431 1175 celso
454 1117 575 1175 miratus
592 1116 699 1175 vertice
720 1116 825 1174 montis
1048 1124 1081 1177 35

74 1194 228 1255 adventum
246 1197 398 1276 sociasque
420 1205 497 1258 rates
522 1200 652 1258 occurrit
672 1200 806 1267 Acestes,

73 1276 210 1338 horridus
231 1281 261 1337 in
283 1280 383 1340 iaculis
406 1289 433 1342 et
452 1281 528 1358 pelle
545 1281 699 1358 Libystidis
719 1298 819 1350 ursae,

74 1358 162 1419 Troia
183 1360 295 1421 Criniso
313 1371 487 1440 conceptum
504 1363 624 1424 ilumine
645 1369 738 1424 mater

73 1458 160 1518 quem
183 1445 291 1520 genuit.
336 1453 467 1505 veterum
488 1463 547 1505 non
566 1447 711 1505 inmemor
730 1444 779 1505 ille
802 1455 956 1522 parentum

73 1533 203 1602 gratatur
222 1525 347 1586 reduces
370 1535 397 1586 et
418 1543 487 1602 gaza
505 1526 597 1586 laetus
619 1530 726 1603 agresti
1049 1537 1082 1587 Ao

74 1609 179 1684 excipit
201 1627 235 1668 ac
254 1608 346 1668 iessos
366 1609 470 1686 opibus
492 1608 601 1668 sciatur
619 1611 728 1670 amicis.

114 1691 234 1751 Postera
258 1709 325 1751 cum
346 1693 442 1770 primo
464 1690 561 1752 stellas
582 1691 701 1752 Oriente
723 1693 837 1767 iugarat

75 1772 153 1833 clara
176 1775 252 1843 dies,
276 1775 372 1834 socios
394 1777 423 1834 in
444 1782 559 1835 coetum
581 1774 666 1834 litore
684 1774 719 1834 ab
736 1776 815 1834 omni

73 1856 194 1916 advocat
214 1858 326 1918 Aeneas
349 1856 509 1936 tumulique
529 1875 564 1917 ex
585 1873 693 1935 aggere
715 1857 808 1917 latur:

88 1939 270 2000 Dardanidae
292 1942 404 2018 magni,
422 1957 514 2017 genus
536 1939 593 1998 alto
614 1959 630 1999 a
649 1941 789 2016 sanguine
808 1939 918 2007 divom,
1048 1949 1081 2002 At

73 2038 186 2082 annuus
210 2025 318 2083 exactis
340 2022 502 2100 completur
523 2023 673 2083 mensibus
695 2020 789 2091 orbis,

73 2123 107 2164 ex
127 2122 185 2182 quo
203 2105 339 2184 reliquias
362 2106 507 2183 divinique
529 2123 593 2166 ossa
613 2107 742 2184 parentis

72 2188 253 2249 condidimus
275 2196 353 2249 terra
372 2196 555 2265 maestasque
576 2190 752 2250 sacravimus
774 2205 848 2248 aras.

71 2270 186 2349 iamque
209 2270 285 2342 dies,
307 2273 363 2332 nisi
383 2271 481 2342 iallor,
502 2272 597 2341 adest,
620 2290 708 2349 quem
729 2288 845 2347 semper
867 2269 1014 2337 acerbum,

71 2370 188 2432 semper
210 2353 384 2416 honoratum
406 2357 458 2431 (sic
479 2356 510 2415 di
530 2353 667 2434 voluistis)
690 2353 815 2415 habebo.
1045 2363 1079 2413 so

72 2435 149 2499 hunc
171 2455 226 2515 ego
249 2437 377 2498 Gaetulis
398 2455 517 2514 agerem
538 2439 562 2498 si
585 2437 717 2515 Syrtibus
738 2435 805 2496 exul

70 2517 242 2597 Argolicove
265 2521 337 2579 mari
360 2521 521 2596 deprensus
542 2528 570 2579 et
588 2521 663 2580 urbe
682 2520 833 2598 Mycenae,

72 2616 168 2660 annua
190 2610 256 2663 vota
274 2611 372 2663 tamen
394 2601 600 2680 sollemnisque
619 2602 721 2663 ordine
742 2617 863 2678 pompas

72 2701 232 2761 exequerer
254 2692 457 2763 strueremque
475 2686 536 2744 suis
557 2682 658 2744 altaria
677 2685 768 2744 donis.

71 2783 149 2827 nunc
169 2766 246 2828 ultro
266 2767 302 2828 ad
320 2769 434 2828 cineres
452 2767 542 2846 ipsius
563 2776 591 2828 et
612 2785 677 2826 ossa
698 2768 827 2844 parentis
1044 2774 1077 2827 65

71 2848 151 2923 (haut
173 2850 308 2929 equidem
329 2853 392 2912 sine
413 2858 511 2912 mente
533 2868 601 2912 reor
608 2898 617 2933 ,
638 2851 701 2911 sine
723 2851 843 2911 numine
864 2847 970 2921 divom)

70 2931 221 3004 adsumus,
242 2942 270 2995 et
288 2942 392 3013 portus
413 2934 499 2996 delati
518 2935 660 2995 intramus
681 2935 798 2995 amicos.

71 3031 140 3092 orgo
163 3017 240 3092 agite
262 3026 291 3079 et
311 3017 420 3079 laetum
444 3019 541 3078 cuncti
562 3017 744 3080 celebremus
762 3017 918 3076 bonorem:

70 3113 225 3172 poscamus
245 3108 360 3171 ventos,
384 3109 469 3179 atque
486 3102 558 3163 haec
580 3121 627 3162 me
648 3119 731 3163 sacra
751 3098 905 3177 quotannis

70 3178 144 3240 urbe
162 3179 229 3241 velit
249 3185 342 3260 posita
363 3184 478 3262 templis
499 3184 554 3243 sibi
576 3186 653 3245 lerre
673 3184 782 3244 dicatis.
1043 3186 1076 3234 6⁰

70 3261 137 3322 bina
159 3263 249 3324 boum
268 3264 350 3326 vobis
367 3267 455 3327 Troia
475 3277 631 3344 generatus
652 3268 770 3326 Acestes

70 3344 119 3406 dat
141 3363 264 3407 numero
286 3350 379 3425 capita
400 3349 430 3408 in
451 3349 546 3418 navis;
569 3348 704 3410 adhibete
724 3355 844 3424 penates

69 3437 98 3490 et
120 3430 230 3508 patrios
253 3429 346 3509 epulis
368 3438 397 3492 et
416 3448 490 3509 quos
513 3430 580 3492 colit
598 3431 706 3508 hospes
727 3430 853 3489 Acestes.
