2400 3878
126 202 190 253 vlu
433 202 480 248 DE
502 201 584 249 ulus
606 200 650 249 ΕΤ
672 200 826 250 semema

210 361 293 418 Natus
314 369 356 418 est
375 361 404 416 P.
427 359 604 434 Vergilius
626 354 747 433 liero¹)
778 341 872 420 ldlbus
886 360 1045 422 Octobribus
1072 363 1135 421 ennl

127 441 245 521 sessio
266 445 313 502 Gn.
335 445 463 518 Pompelo
483 444 581 518 Magno
601 443 635 500 M.
651 443 753 500 bidnio
773 435 870 503 Crasso
897 438 1085 519 consulibus²)
1107 447 1135 504 lu

126 545 206 604 pago,
223 531 269 603 qui
284 528 375 585 aberet
390 528 522 583 eMantue
533 527 605 583 milia
619 544 747 601 passuum
761 529 838 593 Xllll,
854 521 1016 602 inmissi).
1038 546 1135 603 paren-

127 612 197 668 tibus
211 620 288 669 ortus
300 620 342 669 est
352 611 462 668 modicis
477 619 554 685 petre
563 613 745 669 mercennario
752 608 784 685 ⁴),
800 622 885 671 matre
900 613 1009 687 llegle
1023 612 1134 678 Polla,

194 790 216 856 ¹)
234 792 409 844 Indoctorum
431 790 569 841 bominum
591 792 860 858 magistellorumqne
883 791 1027 843 ridiculam
1044 796 1138 842 contn-

126 860 254 921 maciam,
273 861 320 924 qui
337 856 535 924 praedilectam
553 873 570 908 a
588 860 682 924 pueris
698 860 814 912 nominis
829 862 953 926 Virgilius
970 859 1083 910 formam
1101 858 1137 908 ab

126 926 218 991 impiis
230 940 416 990 novarumque
428 940 517 977 rerum
530 925 661 978 studiosis
679 928 749 993 eripi
767 928 821 978 sibi
838 927 1038 987 lamentantur,
1056 939 1137 989 argu·

127 994 227 1043 mentis
250 993 470 1058 testimoniisque
496 993 617 1043 delenire
635 992 722 1059 pudet
739 993 890 1058 taedetque
907 997 1052 1058 postquam
1069 997 1134 1042 ante

125 1059 175 1110 hos
195 1059 411 1125 quadringentos
429 1075 513 1125 prope
531 1075 619 1112 annos
636 1061 758 1126 Angelus
775 1060 933 1112 Politisnus
950 1061 980 1109 in
997 1058 1138 1109 miscella·

125 1127 186 1176 neis
198 1142 293 1177 rerum
306 1127 407 1180 docuit.
438 1127 511 1191 quod
529 1130 558 1177 et
574 1127 664 1179 titulis
681 1131 739 1178 tam
755 1127 861 1178 liberae
873 1126 1044 1192 reipublicae
1056 1140 1138 1190 quam

126 1195 245 1259 priorum
264 1199 327 1260 post
345 1193 483 1245 Christum
501 1194 672 1245 saeculorum
683 1194 808 1245 omnibns
826 1194 884 1245 iere
901 1199 930 1244 et
948 1193 1072 1243 codicum
1089 1206 1138 1240 an-

127 1262 346 1324 tiquissimorum
367 1259 419 1312 fide
437 1265 464 1311 et
483 1260 648 1312 Graecorum
665 1263 829 1327 scriptorum
847 1261 894 1325 qui
912 1256 1073 1323 Οὐεργίλιος
1090 1258 1137 1309 vel

127 1325 268 1391 Βεργίλιος
281 1330 401 1379 scribere
414 1327 505 1378 solent
517 1327 717 1388 consuetudine
729 1329 799 1380 satis
809 1342 944 1393 superque
953 1325 1136 1377 confirmatur.

192 1394 215 1460 ²)
234 1395 359 1446 Suetonii
382 1395 415 1445 de
438 1396 529 1460 poetis
551 1396 649 1460 fragm.
666 1393 744 1448 XXV
765 1410 799 1447 ex
822 1394 985 1458 Hieronymi
1007 1392 1137 1443 chronico

127 1467 286 1528 excerptum
300 1463 429 1514 editionis
440 1461 724 1514 Reifferscheidianae
736 1478 763 1528 p.
776 1464 818 1515 43.
832 1462 868 1514 ci.
881 1460 1040 1525 Phlegontis
1053 1457 1136 1522 ὸλυμ·

126 1532 263 1580 πιονικῶν
286 1530 332 1581 καὶ
354 1531 492 1594 χρονικῶν
514 1527 663 1594 ἀναγραφή
686 1531 761 1596 apud
782 1529 910 1580 Photium
932 1527 991 1577 cod.
1009 1529 1085 1590 971).
1103 1527 1139 1577 84

126 1598 208 1658 118,
227 1597 312 1647 Probi
333 1598 392 1647 1111
414 1597 489 1662 apud
511 1597 592 1648 Reiff.
615 1613 641 1663 p.
659 1599 706 1660 12,
729 1600 745 1649 b
763 1611 835 1662 sqq,
857 1595 963 1646 Donati
985 1609 1011 1658 p.
1030 1595 1063 1644 14
1095 1593 1136 1656 11,

127 1663 285 1715 Bernensis.
322 1663 458 1713 natalicia
481 1664 589 1714 Phocas
610 1679 636 1714 v.
654 1666 685 1713 21
705 1678 744 1728 eq.
769 1664 808 1714 sic
832 1661 1049 1713 circumscribits'
1062 1663 1136 1724 .‘quo

125 1733 246 1792 tempore
269 1727 371 1778 Chelas
392 1729 448 1778 iam
471 1729 545 1780 mitis
566 1728 692 1779 Phaeton
712 1735 776 1794 post
794 1730 916 1793 Virginis
937 1743 986 1779 ora
1009 1727 1136 1792 recepit.’

124 1793 190 1844 Idus
212 1794 347 1846 Octobres
369 1795 441 1845 inter
459 1795 545 1846 festos
562 1795 621 1845 dies
639 1796 730 1859 poetis
752 1800 929 1846 consecratos
947 1794 1033 1845 fuisse
1057 1793 1135 1858 Hey·

126 1862 187 1911 nius
215 1861 362 1912 adnotavit
389 1861 499 1912 collatis
527 1862 666 1912 Martialis
688 1861 741 1912 XII
764 1865 796 1913 67
818 1861 933 1912 Ausonii
954 1859 1032 1925 idyll.
1056 1861 1082 1912 V
1103 1861 1137 1910 21

125 1928 209 1984 Plinii
227 1929 307 1993 epist.
325 1929 368 1978 111
386 1931 414 1992 7,
439 1929 485 1992 qui
508 1928 541 1978 de
561 1929 628 1980 silio
646 1928 744 1980 Italico
762 1928 832 1979 baec
854 1927 983 1979 tradidit:
1006 1925 1136 1979 ‘multum

126 1996 227 2059 ubique
251 1996 393 2060 librorum,
416 1995 529 2046 multum
552 2000 718 2059 statuarum,
741 1995 857 2046 multum
878 1996 1041 2060 imaginum,
1067 1997 1137 2058 quas

126 2077 181 2112 non
206 2062 328 2112 habebat
354 2063 448 2125 modo,
475 2076 571 2113 verum
597 2064 682 2114 etiam
708 2063 909 2126 venerabatur,
942 2063 1052 2126 Vergilii
1076 2066 1137 2111 ante

125 2144 221 2188 omnes,
250 2132 319 2178 caiae
348 2133 456 2179 natalem
483 2131 626 2194 religiosius
648 2146 720 2196 qaam
748 2146 818 2180 suam
839 2129 996 2190 celebrabat,
1024 2128 1137 2191 Neapoli

124 2198 244 2258 manime,
267 2197 310 2246 ubi
330 2199 501 2247 monimentum
523 2199 577 2247 eius
595 2199 668 2247 adire
687 2204 715 2247 11
737 2199 852 2261 temptam
868 2197 986 2247 solebat!
1026 2193 1137 2245 fallitur

126 2262 274 2314 chronicon
286 2263 436 2324 Paschale‚
454 2264 502 2314 ubi
514 2260 680 2328 Ὀρτηνσίου
693 2261 738 2315 καὶ
751 2261 911 2327 Μετέλλου,
925 2263 952 2313 h.
964 2278 988 2312 e.
1002 2261 1136 2312 1111681

126 2334 208 2378 natus
228 2329 328 2380 dicitur
346 2336 436 2395 poeta.
809 2389 812 2394 ,

191 2393 211 2458 ³)
230 2396 336 2461 Pagum
358 2401 432 2447 recte
449 2397 542 2448 dicum
564 2397 748 2463 Hieronymus
764 2397 783 2450 1.
801 2397 820 2447 1.
839 2400 867 2447 et
883 2398 1028 2460 Donatus,
1046 2394 1136 2446 vicum

125 2461 209 2513 Probi
226 2470 383 2529 excerptor:
405 2463 573 2515 Mantuanus
591 2465 621 2514 in
638 2465 698 2515 1111
716 2465 848 2514 Beruensi
866 2462 1024 2528 appellatur
1041 2463 1134 2528 poeta,

126 2536 154 2581 et
167 2530 289 2581 celebrat
306 2531 366 2596 ipse
379 2532 521 2582 Mantuam
540 2531 658 2596 patriam
670 2547 713 2597 ge.
726 2531 812 2593 11110
825 2545 893 2596 sqq,
913 2531 1031 2582 Tuscum
1044 2531 1136 2578 antem

124 2596 257 2649 Mantuae
276 2599 408 2663 originem
424 2598 553 2648 Aeneidis
565 2597 591 2648 X
608 2600 658 2649 200
677 2607 735 2663 sqq.
753 2613 854 2649 memor
871 2597 980 2649 Phocas
997 2613 1024 2649 1.
1037 2598 1067 2660 b,
1086 2595 1134 2662 qui

124 2664 154 2714 in
173 2665 299 2731 sapphici
317 2666 447 2716 carminis
463 2681 489 2716 1.
507 2667 539 2714 22
558 2671 652 2716 ‘vatem
669 2666 814 2716 Etmaeam’
833 2663 963 2730 appellat.
1000 2662 1136 2715 cavillans

125 2731 282 2781 ‘Venatum’
293 2732 360 2781 dicit
368 2732 526 2797 Euangelus
537 2733 611 2797 apud
619 2733 788 2784 Macrobium
801 2732 860 2784 Sat.
869 2734 893 2783 V
902 2733 927 2794 2,
936 2731 972 2781 ad
982 2744 1062 2796 quem
1072 2745 1136 2782 con·

126 2797 192 2847 ierri
209 2799 306 2847 iubent
324 2798 430 2847 Sidonii
449 2814 491 2863 cp.
508 2798 549 2848 IX
568 2801 613 2861 15,
630 2802 664 2850 47
682 2801 834 2852 ‘Venetam
851 2798 972 2848 lacessat
988 2800 1020 2846 nt
1039 2796 1134 2847 lavore

125 2865 287 2914 Mantuam’
312 2863 423 2916 Servius
433 2880 540 2929 quoque
549 2866 578 2914 in
587 2867 647 2916 1111
657 2865 957 2930 111111111111111111111,
970 2878 1034 2928 puae
1046 2864 1136 2913 civitas

125 2936 164 2980 est
185 2932 329 2980 Venetiae)
366 2932 420 2981 fuit
438 2932 510 2981 enim
528 2933 562 2982 ab
574 2933 672 2984 Addua
690 2933 726 2984 ad
745 2934 878 2986 orientem
889 2944 986 2982 versus
1003 2929 1130 2982 Venetia.

191 2996 214 3057 ⁴)
234 3002 324 3061 ‘patre
341 3001 451 3048 rustico’
474 2999 580 3050 Probus
601 2999 619 3048 l.
638 3000 656 3052 1.
675 3005 778 3065 111111,
803 3015 874 3066 quem
896 2999 996 3064 qmdom
1018 2998 1134 3061 opificem

121 3067 232 3128 pigram,
251 3068 339 3128 plures
355 3065 430 3129 Magi
446 3067 574 3115 cuiusdam
590 3069 697 3118 viatoris
714 3069 785 3118 initio
802 3066 1012 3123 mercennariam,
1030 3079 1091 3114 arom
1102 3064 1133 3114 ab

123 3133 273 3180 industriam
299 3147 416 3196 gemmam
439 3132 614 3183 tradideraat’
637 3136 773 3186 Donatus.
814 3133 886 3183 ‘liuto
909 3132 1011 3196 genitor
1033 3133 1134 3195 figulus,

124 3197 203 3247 Maro
221 3201 330 3257 nomiae,
349 3203 430 3250 cultor
448 3203 530 3264 agelli,
553 3201 588 3249 Vt
604 3202 722 3264 referant
739 3203 790 3261 alii,
808 3201 879 3250 11111
894 3199 1009 3251 mercede
1027 3200 1134 3253 locatus.

124 3263 178 3314 Sed
198 3268 287 3327 plnres
299 3270 409 3331 figulum.
449 3269 504 3332 quie
522 3282 572 3317 111
588 3269 712 3318 miracuta
728 3282 813 3318 remea
830 3267 906 3316 Haec
922 3265 1044 3329 stupeat?
1062 3267 1133 3315 dioec

122 3339 214 3394 partus
231 3334 263 3382 de
278 3349 394 3398 paupere
405 3349 469 3384 vena
485 3334 612 3384 Emicuit.-
626 3336 698 3400 figuli
707 3334 807 3384 soboles
824 3349 888 3384 noua
907 3334 1019 3382 carmina
1032 3334 1131 3398 finxit!

124 3397 230 3451 Phocas
248 3415 274 3451 1.
294 3403 309 3450 6
328 3416 400 3466 sqq,
423 3401 470 3465 qui
492 3401 625 3451 acuminis
643 3415 727 3453 causa
749 3399 877 3464 lepidiori
899 3398 1019 3452 fabellae
1042 3399 1135 3466 plures

125 3470 212 3518 testes
221 3467 526 3521 arcessivissevidetur:
537 3467 573 3517 cl.
582 3466 801 3519 Reifferscheidii
810 3471 929 3532 quaestt.
941 3467 1029 3520 Suett.
1041 3466 1134 3533 ploti
