2400 3878
399 237 541 284 VERGILI
564 239 689 287 numnis
709 240 748 286 111

68 390 208 454 caeruleis
226 400 353 454 maestae
373 392 448 452 vittis
470 399 592 471 atraque
613 410 768 470 cupresso,

67 483 95 536 et
117 477 227 536 circum
248 475 352 537 Iliades
371 477 481 535 crinem
504 475 541 536 de
561 493 645 535 more
664 475 790 547 solutae;

66 560 216 620 inserimus
237 560 336 637 tepido
357 560 520 636 spumantia
539 559 651 637 cymbia
671 557 747 621 lacte

66 644 213 720 sanguinis
235 651 264 703 et
283 646 359 704 sacri
380 648 511 720 pateras,
536 645 721 720 animamque
743 644 899 722 sepulchro

66 727 218 786 condimus
240 735 270 787 et
290 744 396 804 magna
419 743 589 804 supremum
607 744 679 786 voce
702 728 821 789 ciemus.

107 809 178 869 lnde
199 809 250 870 ubi
272 811 366 886 prima
387 808 458 870 fides
480 807 599 887 pelago,
622 808 793 889 placataque
813 816 890 872 venti

66 892 135 952 dant
156 895 247 953 maria
267 902 296 953 et
315 893 388 953 lenis
406 893 553 970 crepitans
574 902 659 953 vocat
679 902 777 955 auster
799 896 828 955 in
853 894 958 961 altum,

66 975 214 1036 deducunt
233 978 304 1037 socii
323 977 402 1037 navis
424 984 453 1036 et
473 975 557 1037 litora
581 976 736 1055 complent.

66 1059 253 1137 provehimur
275 1068 375 1137 portu,
398 1069 555 1137 terraeque
576 1060 725 1140 urbesque
746 1062 895 1122 recedunt.

65 1160 147 1203 sacra
170 1146 243 1204 mari
266 1143 370 1204 colitur
392 1143 488 1204 medio
505 1145 668 1221 gratissima
691 1144 775 1207 tellus

65 1226 221 1287 Nereidum
246 1230 331 1288 matri
353 1235 382 1288 et
403 1228 539 1306 Neptuno
563 1229 694 1305 Aegaeo,

65 1328 152 1389 quam
174 1312 240 1390 pius
260 1312 448 1389 arquitenens
470 1329 537 1373 oras
558 1319 586 1371 et
607 1312 690 1372 litora
707 1314 817 1374 circum

66 1400 212 1453 errantem
232 1395 354 1473 blycono
377 1414 392 1455 e
414 1394 490 1455 celsa
511 1394 667 1474 Gyaroque
688 1397 824 1463 revinxit,

64 1485 273 1556 immotamque
292 1476 348 1538 coli
371 1477 449 1537 dedit
468 1486 497 1537 et
518 1485 707 1538 contemnere
726 1486 836 1538 ventos.
855 1528 856 1531 ,

64 1561 123 1620 huc
146 1560 244 1631 seror,
267 1560 342 1621 haec
363 1560 456 1620 fessos
475 1568 538 1619 tuto
561 1559 753 1637 placidissima
775 1569 862 1637 portu

66 1646 180 1722 accipit.
225 1645 336 1721 egressi
357 1660 532 1704 veneramur
553 1642 693 1720 Apollinis
714 1642 829 1704 urbem.

64 1746 117 1788 rex
142 1728 248 1797 huius,
271 1746 324 1788 rex
347 1728 424 1787 idem
438 1727 591 1787 hominum
611 1726 781 1805 Phoebique
803 1725 959 1797 sacerdos,

65 1812 139 1872 vittis
161 1819 189 1871 et
210 1829 292 1872 sacra
314 1811 466 1872 redimitus
488 1818 622 1888 tempora
644 1810 743 1881 lauro,

66 1897 208 1964 occurrit,
231 1904 359 1955 veterem
380 1895 526 1954 Anchisen
549 1894 684 1972 adgnovit
705 1896 839 1955 amicum.

64 1980 211 2056 iungimus
234 1978 359 2056 hospitio
382 1978 512 2047 dextras,
534 1986 562 2039 et
579 1985 655 2038 tecta
674 1977 815 2038 subimus.

106 2061 226 2142 Templa
249 2062 296 2122 dei
316 2081 386 2122 saxo
408 2060 570 2122 venerabar
592 2068 702 2122 structa
723 2068 851 2122 vetusto:

65 2146 116 2205 ‘da
138 2146 303 2224 propriam,
323 2144 521 2224 Thymbraee,
545 2145 680 2214 domum;
704 2145 740 2205 da
757 2145 873 2205 moenia
889 2143 972 2203 lessis

64 2238 93 2290 et
118 2247 210 2308 genus
232 2238 260 2289 et
282 2247 449 2289 mansuram
467 2227 589 2298 urbem;
613 2246 696 2289 serva
717 2228 806 2288 altera
828 2228 933 2287 Troiae

64 2313 221 2390 Pergama,
244 2313 381 2392 reliquias
396 2313 527 2373 Danaum
548 2319 635 2391 atque
657 2312 774 2371 immitis
794 2310 907 2372 Achilli.
960 2326 961 2330 ’

65 2414 150 2473 quem
175 2397 341 2474 sequimur?
365 2414 457 2473 quove
478 2397 522 2455 ire
542 2394 638 2464 iubes,
660 2393 711 2454 ubi
732 2412 843 2473 ponere
865 2393 967 2452 sedesl

65 2478 116 2549 da,
138 2486 232 2555 pater,
254 2479 423 2554 augurium,
447 2484 533 2555 atque
558 2479 660 2537 animis
679 2476 809 2536 inlabere
830 2473 959 2535 nostris!

65 2563 110 2621 vix
133 2579 165 2621 ea
187 2561 264 2621 latus
282 2578 376 2620 eram:
398 2568 526 2619 tremere
552 2561 648 2618 omnia
667 2560 726 2618 visa
747 2566 882 2636 repente,

64 2644 221 2722 liminaque
241 2642 399 2720 laurusque
415 2641 483 2723 dei,
506 2648 643 2719 totusque
664 2643 775 2701 moveri

64 2745 148 2788 mons
170 2728 280 2788 circum
303 2733 331 2786 et
353 2726 465 2803 mugire
488 2725 579 2803 adytis
603 2727 714 2784 cortina
734 2723 865 2785 reclusis.
949 2765 953 2771 -

64 2811 211 2871 summissi
230 2812 356 2889 petimus
377 2817 503 2878 terram,
523 2815 551 2868 et
572 2819 628 2867 vox
651 2809 744 2868 fertur
766 2808 802 2869 ad
824 2807 918 2868 auris:

64 2888 262 2954 ‘Dardanidae
283 2894 365 2964 duri,
386 2911 460 2972 quae
482 2910 535 2952 vos
556 2911 572 2952 a
594 2894 685 2970 stirpe
705 2899 861 2969 parentum

63 2979 157 3057 prima
178 2978 242 3039 tulit
259 2977 358 3048 tellus,
379 2976 481 3038 eadem
501 2994 553 3036 vos
574 2974 668 3036 ubere
687 2974 763 3036 lacto

64 3062 186 3140 accipiet
209 3062 343 3123 reduces.
387 3060 535 3138 antiquam
557 3061 700 3138 exquirite
721 3067 855 3120 matrem.

57 3145 111 3205 hic
132 3145 237 3206 domus
257 3147 372 3206 Aeneae
396 3145 509 3205 cunctis
532 3142 727 3203 dominabitur
747 3144 822 3210 oris,

64 3236 93 3288 et
113 3230 172 3288 nati
194 3236 329 3288 natorum
352 3235 380 3288 et
400 3228 450 3306 qui
472 3233 629 3287 nascentur
651 3225 687 3284 ab
707 3224 787 3284 ilhs.'

64 3311 137 3372 haec
157 3311 308 3380 Phoebus;
329 3312 478 3390 mixtoque
499 3312 602 3385 ingens
626 3314 726 3368 exorta
745 3307 872 3368 tumultu

64 3394 186 3464 laetitia,
210 3402 239 3455 et
261 3395 358 3455 cuncti
379 3412 454 3472 quae
474 3392 532 3452 sint
553 3410 587 3453 ea
608 3391 723 3451 moenia
746 3395 904 3467 quaerunt,
1028 3395 1076 3450 lot
1151 3445 1152 3449 ,

63 3495 122 3558 quo
143 3476 282 3545 Phoebus
303 3477 534 3546 vocet‘errantis
555 3474 710 3553 iubeatque
728 3475 846 3534 reverti.

823 3571 870 3631 9*
