2400 3878
410 207 555 256 VERGILI
577 207 703 255 Annulo
726 208 739 254 I

74 367 225 444 adgnovit,
249 363 302 426 tali
322 364 484 441 fugientem
508 370 553 423 est
574 380 646 423 voce
668 370 805 424 secutus:

73 450 157 529 ‘quid
179 455 277 509 natum
300 449 423 517 totiens,
446 443 574 508 crudelis
595 453 628 507 tu
650 464 782 524 quoque,
805 446 888 508 lalsls

73 533 151 594 ludis
171 531 366 610 imaginibus?
390 549 443 591 our
466 530 587 590 dextrae
608 530 733 606 iungere
756 529 890 591 dextram

74 635 132 677 non
155 617 248 686 datur,
271 634 305 676 ac
328 632 413 675 veras
435 614 537 676 audire
560 621 589 673 et
610 614 736 674 reddere
757 610 895 676 voces‘l''

74 700 183 761 talibus
203 702 332 769 incusat,
357 716 548 777 gressumque
571 696 607 758 ad
629 700 748 759 moenia
769 700 874 759 tendit.

74 792 104 845 at
126 787 224 845 Venus
246 783 372 845 obscuro
395 783 558 860 gradientis
580 786 649 842 aere
672 783 795 859 saepsit,

76 878 104 928 et
127 869 218 928 multo
240 866 366 928 nebulae
389 868 502 928 circum
525 866 580 927 dea
601 866 677 927 ludit
699 868 824 946 amictu,

74 970 199 1012 cernere
220 953 326 1028 nequis
348 969 399 1011 eos
420 968 480 1011 neu
503 951 569 1026 quis
590 953 763 1027 contingere
785 957 885 1029 posset

74 1036 206 1096 molirive
229 1053 343 1096 moram
364 1043 415 1095 aut
437 1033 576 1095 veniendi
597 1052 719 1114 poscere
741 1052 854 1096 causas.

75 1122 139 1197 ipsa
161 1118 294 1197 Paphum
317 1117 450 1179 sublimis
471 1117 547 1187 abit,
570 1119 714 1196 sedesque
735 1121 837 1179 revisit

75 1203 153 1263 laeta
177 1221 258 1277 suas,
282 1202 334 1263 ubi
356 1203 500 1280 templum
520 1201 578 1271 illi,
603 1212 782 1278 centumque
805 1201 918 1263 Sabaeo

75 1294 143 1346 ture
166 1285 263 1346 calent
285 1304 353 1347 arae
376 1289 521 1366 sertisque
542 1285 714 1346 recentibus
737 1285 886 1371 halantffl

118 1370 297 1448 Corripuere
320 1372 394 1430 viam
417 1373 546 1438 interea,
570 1389 630 1448 qua
651 1371 755 1430 semita
777 1377 930 1432 monstrat.

76 1456 193 1528 iamque
215 1453 413 1514 ascendebant
434 1453 553 1521 collem,
577 1455 628 1533 qui
648 1453 795 1532 plurimus
816 1454 884 1514 urbi

75 1538 211 1596 imminet
233 1535 428 1615 adversasque
450 1543 579 1615 aspectat
601 1537 728 1615 desuper
751 1556 844 1599 arces.

77 1623 202 1680 miratur
224 1620 332 1680 molem
353 1623 482 1690 Aeneas,
506 1621 629 1698 magalia
651 1621 812 1700 quondam,

76 1707 203 1764 miratur
225 1711 326 1782 portas
347 1706 561 1783 strepitumque
583 1712 613 1765 et
633 1712 723 1765 strata
743 1711 866 1767 viarum.

75 1791 186 1848 instant
208 1789 345 1848 ardentes
367 1788 464 1866 Tyrii:
487 1807 556 1866 pars
578 1790 686 1850 ducere
709 1808 810 1851 muros

76 1871 233 1950 molirique
257 1889 356 1932 arcem
379 1880 408 1933 et
430 1872 565 1933 manibus
587 1872 760 1934 subvolvere
781 1892 866 1944 saxa,

76 1974 146 2034 pars
169 1963 270 2033 optare
292 1955 391 2016 locum
412 1964 491 2018 teoto
514 1964 544 2017 et
565 1957 743 2018 concludere
765 1956 858 2019 sulco.
1023 1968 1073 2017 425

78 2038 156 2116 [iura
176 2041 425 2117 magistratusque
447 2041 550 2118 legunt
571 2050 763 2119 sanctumque
786 2043 935 2123 senatum]

75 2123 124 2182 hio
147 2131 252 2201 portus
273 2123 322 2184 alii
344 2124 499 2192 effodiunt;
523 2125 592 2184 hinc
614 2125 671 2184 lata
693 2124 815 2184 theatris

76 2206 268 2269 fundamenta
289 2214 396 2286 petunt
418 2208 480 2279 alii,
503 2209 699 2287 immanisque
721 2209 873 2269 columnas

76 2290 201 2366 rupibus
224 2292 375 2361 excidunt,
399 2293 513 2354 scaenis
537 2293 643 2353 decora
666 2292 723 2352 alta
745 2294 863 2355 futuris.

77 2374 172 2453 qualis
194 2393 264 2456 apes
285 2383 396 2436 aestate
419 2395 493 2437 nova
514 2393 568 2452 per
590 2376 682 2437 llorea
704 2394 772 2437 rura

78 2465 200 2518 exercet
220 2457 275 2519 sub
298 2459 360 2519 sole
382 2457 481 2530 labor,
505 2479 573 2521 cum
595 2463 691 2538 gentis
714 2457 828 2521 adultos

78 2541 209 2601 educunt
230 2543 322 2612 fetus,
345 2550 397 2603 aut
418 2562 487 2603 cum
509 2543 651 2623 liquentia
673 2543 760 2604 mella

78 2625 188 2701 stipant
210 2632 239 2684 et
262 2625 340 2685 dulci
362 2624 531 2687 distendunt
552 2636 671 2688 nectare
694 2628 798 2700 cellas,

79 2716 131 2767 aut
152 2724 242 2768 onera
265 2711 415 2787 accipiunt
437 2712 620 2785 venientum,
644 2719 694 2772 aut
716 2712 832 2786 agmine
854 2712 932 2773 lacto

78 2793 216 2868 ignavom
238 2793 322 2855 lucos
344 2810 436 2871 pecus
459 2811 475 2853 a
497 2794 689 2874 praesepibus
711 2801 827 2865 arcent;
920 2788 983 2892 fl*
1023 2804 1073 2853 435

78 2874 175 2936 lervet
196 2894 284 2954 opus,
307 2877 502 2958 redolentque
524 2878 624 2957 thymo
646 2880 806 2955 fragrantia
828 2878 925 2940 mella.

78 2961 108 3018 ‘o
131 2960 289 3030 fortunati,
313 2978 439 3038 quorum
460 2963 519 3022 iam
542 2964 658 3023 moenia
681 2964 837 3042 surguntl'

79 3041 193 3104 deneas
215 3047 267 3114 ait,
292 3054 320 3107 et
341 3045 455 3122 lastigia
478 3048 601 3124 suspicit
623 3045 714 3107 urbis.

77 3126 167 3186 infert
189 3145 220 3188 se
242 3136 361 3208 saeptus
382 3128 491 3189 nebula
514 3129 660 3205 (mirabile
683 3130 773 3207 dictu)

79 3225 133 3286 per
156 3210 269 3272 medios
289 3215 452 3289 miscetque
474 3214 557 3284 viris,
580 3231 678 3292 neque
700 3214 832 3273 cernitur
854 3210 915 3272 ulli.
1025 3221 1075 3269 440

121 3291 219 3354 Lucus
239 3296 270 3354 in
291 3295 367 3356 urbe
388 3296 446 3357 luit
467 3297 582 3376 media,
605 3295 781 3357 laetissimus
803 3294 942 3360 umbrae.

80 3392 139 3453 quo
160 3379 290 3454 primum
310 3380 410 3439 lactati
430 3380 517 3441 undis
539 3388 568 3440 et
588 3378 708 3439 turbine
729 3378 821 3440 Poeni

80 3459 210 3520 ellodere
231 3460 298 3521 loco
319 3464 449 3539 signum,
472 3464 551 3542 quod
572 3469 653 3541 regia
676 3461 749 3521 luno

131 3574 267 3624 mnenon,
286 3573 416 3612 venem„
866 3565 884 3621 7
