2400 3878
400 225 541 275 vnncmr
557 224 683 275 666666
699 226 751 273 nn
1018 213 1075 275 167
1108 227 1116 243 ⁸
1168 185 1197 283 ’ᾗ

64 404 125 446 non
143 383 226 446 aliter
246 402 334 462 quam
356 386 379 443 61
401 384 527 444 inmissis
548 391 615 443 ruat
634 380 767 443 hostibus
789 380 882 441 omnis

63 469 207 546 Karthago
230 474 279 529 aut
299 468 417 545 antiqua
434 466 541 546 Tyros,
562 465 757 544 llammaequc
778 465 910 525 furentes
1024 473 1077 529 616

65 551 190 612 culmina
211 569 324 630 perque
344 550 496 610 bominum
517 549 668 610 volvantur
690 565 802 627 perque
823 549 945 609 deorum

63 634 153 696 audiit
176 636 313 695 exanimis
335 634 508 712 trepidoque
529 634 666 695 exterrita
688 649 784 702 cursu,

63 718 209 796 unguibus
234 736 284 778 ora
307 735 391 779 soror
414 716 534 778 foedans
557 725 585 778 et
606 722 726 794 pectora
750 717 856 794 pugnis

62 820 116 880 per
135 802 246 862 medios
264 803 374 862 661166
395 801 569 861 morientem
585 801 702 860 nomine
723 797 841 859 clamat:

63 885 136 945 ‘hoc
157 884 243 955 illud,
267 901 422 961 germana,
446 884 516 945 tuitt
538 902 585 945 me
606 882 708 943 fraude
724 882 862 961 petebas?
1025 892 1078 946 616

62 968 119 1028 boc
140 985 230 1045 rogus
252 969 305 1029 1616
327 968 412 1037 mihi,
436 966 493 1028 hoc
515 969 597 1044 ignes
620 984 747 1044 araeque
769 964 931 1043 parabant?

63 1051 131 1130 quid
153 1053 281 1130 primum
303 1052 418 1112 deserta
440 1050 564 1130 querari
587 1051 760 1111 comitemne
780 1067 913 1110 sororem

62 1136 197 1212 sprevisti
219 1135 366 1196 moriensi
387 1135 488 1196 eadem
511 1153 558 1195 me
581 1135 617 1195 ad
640 1133 697 1193 1616
719 1150 870 1193 vocasses:

61 1219 137 1278 idem
157 1217 257 1279 ambas
278 1218 357 1279 16666
382 1217 466 1279 dolor
488 1228 576 1296 61666
598 1219 699 1278 eadem
723 1216 795 1277 hora
817 1216 940 1276 tulisset.

62 1301 107 1361 bis
130 1303 216 1362 etiam
238 1303 331 1362 struxi
351 1303 485 1364 manibus
506 1304 675 1381 patriosque
697 1301 796 1362 vocari

63 1403 135 1445 6666
157 1385 242 1452 deos,
265 1386 307 1445 sic
326 1392 355 1446 te
376 1392 409 1445 ut
430 1388 522 1462 posita
541 1384 667 1446 crudelis
688 1383 830 1444 abessem.

63 1469 182 1530 extinxti
203 1477 232 1529 16
257 1485 377 1545 meque,
401 1485 502 1537 66666,
525 1466 725 1545 populumque
748 1474 906 1543 patresque

62 1552 196 1613 Sidonios
217 1551 382 1628 urbemque
400 1558 489 1612 tuam.
534 1552 614 1619 date,
639 1549 757 1609 volnera
779 1547 903 1626 lymphis

62 1635 180 1696 abluam
202 1643 244 1705 et,
267 1642 416 1696 extremus
438 1636 527 1713 siquis
548 1650 637 1710 super
659 1631 766 1693 halitus
788 1638 881 1701 errat,

62 1738 114 1781 ore
133 1717 252 1798 legam'
297 1720 339 1780 sic
361 1719 418 1779 1616
440 1718 548 1795 gradus
569 1723 701 1778 evaserat
718 1715 791 1776 altos

62 1803 322 1882 semianimemque
343 1802 407 1863 sinu
428 1820 598 1881 germanam
620 1800 753 1880 amplexa
777 1798 892 1860 fovebat

63 1905 129 1947 cum
153 1888 263 1964 gemitu
286 1894 373 1965 atque
395 1894 475 1948 atros
497 1886 625 1949 siccabat
647 1892 725 1946 veste
745 1900 874 1946 cruores.

62 1969 109 2030 illa
131 1972 226 2046 gravis
249 1970 349 2032 oculos
372 1979 474 2031 conata
500 1970 631 2031 attollere
652 1986 757 2040 rursus

62 2055 173 2123 deficit;
203 2055 323 2114 infixum
344 2054 440 2115 stridit
461 2054 515 2115 sub
537 2062 658 2132 pectore
666 2051 786 2112 uolnus.

62 2148 106 2198 ter
129 2157 194 2200 sese
214 2137 349 2199 attollens
370 2139 529 2217 cubitoque
549 2137 654 2198 adnixa
674 2136 794 2206 1666611,

62 2229 106 2282 166
126 2220 257 2283 66661616
279 2229 372 2283 166661
395 2221 545 2300 oculisque
566 2219 733 2282 errantibus
752 2219 809 2280 alto

62 2306 202 2380 quaesivit
223 2305 303 2366 caelo
323 2305 420 2366 lucem
442 2306 640 2385 ingemuitque
661 2310 787 2382 reperta.

103 2388 178 2449 Tum
200 2388 272 2449 luno
296 2389 480 2466 omnipotens
501 2387 622 2465 longum
644 2389 780 2447 miserata
803 2384 934 2445 dolorem

63 2469 248 2547 difficilisque
272 2470 368 2531 obitus
390 2472 459 2531 lrim
483 2471 598 2530 demisit
620 2468 758 2546 Olympo,

62 2571 136 2631 quac
157 2552 316 2613 luctantem
337 2554 461 2613 animam
479 2569 629 2629 nexosque
647 2550 807 2610 resolveret
829 2558 918 2609 artus.

61 2654 129 2696 nam
152 2636 219 2714 quia
236 2653 291 2696 nec
310 2635 368 2695 lato
390 2636 493 2695 merita
512 2652 568 2694 nec
585 2639 681 2693 morte
702 2630 832 2712 peribat,

61 2719 112 2781 sed
127 2721 235 2780 misera
252 2725 320 2780 ante
339 2719 416 2779 diem
438 2716 594 2796 subitoque
615 2733 737 2776 accensa
755 2715 873 2784 lurore,

60 2802 191 2864 nondum
213 2801 254 2862 illi
276 2802 380 2863 ssavom
398 2802 576 2880 Proserpina
599 2801 708 2861 6661166
729 2801 841 2860 crinem

61 2886 221 2949 abstulerat
242 2886 400 2966 Stygioque
419 2891 506 2965 caput
527 2886 714 2945 damnaverat
736 2884 823 2944 Orco.

61 2989 131 3048 ergo
153 2971 208 3032 lris
231 2972 344 3032 croceis
365 2988 418 3050 per
442 2969 555 3031 caelum
576 2969 692 3031 roscida
708 2969 819 3047 pinnis,

60 3054 139 3116 mille
157 3055 277 3116 trahens
297 3055 393 3115 uarios
415 3054 538 3114 adverso
558 3053 619 3114 sole
642 3052 770 3122 colores,

60 3137 189 3208 devolat,
211 3147 238 3200 et
255 3157 344 3218 supra
366 3146 452 3217 caput
472 3139 568 3199 astitit.
614 3137 709 3197 ‘hunc
733 3151 787 3212 ego
807 3135 864 3196 Diti

59 3239 176 3282 sacrum
195 3223 272 3284 iussa
294 3223 372 3292 iero,
395 3231 483 3300 teque
502 3223 558 3282 isto
577 3237 702 3298 corpore
723 3217 803 3278 66166
811 3218 827 3286 “,

59 3306 101 3366 sic
123 3307 161 3364 ait
181 3312 209 3365 et
231 3304 332 3368 dextra
349 3306 461 3367 crinem
479 3313 573 3366 secat:
596 3303 691 3364 omnis
714 3308 742 3361 et
763 3319 820 3360 una

59 3386 187 3464 dilapsus
204 3387 300 3459 calor,
321 3398 409 3468 atque
429 3391 459 3449 in
481 3396 584 3450 ventos
605 3388 662 3447 vita
685 3385 815 3446 recessit.

463 3537 664 3549 ——---.-
