2400 3878
391 219 536 270 venons
555 219 681 270 anunm
704 221 758 268 uu
1022 211 1082 274 157

63 376 258 446 dissimulent;
278 393 344 437 sese
365 376 491 445 interea,
514 375 631 454 quando
653 375 761 453 optima
782 375 856 436 Dido

61 462 172 522 nesciat
191 467 219 521 et
239 466 335 521 tantos
356 460 454 538 rumpi
474 477 535 520 non
556 465 655 537 speret
678 475 811 528 amores,

62 550 272 621 temptaturum
295 543 389 604 aditus
409 551 438 604 et
458 561 532 623 quae
554 541 722 603 mohissima
744 541 825 603 fandi

61 637 209 704 tempora,
232 628 296 705 quis
316 626 407 688 rebus
425 627 527 688 dexter
548 626 663 688 modus.
707 627 789 688 ocius
808 642 909 687 omnes

62 712 185 789 imperio
204 710 270 771 laeti
289 717 394 789 parent
414 729 450 772 ac
475 712 552 772 iussa
575 709 733 771 lacessunt.

103 796 140 854 ht
162 795 263 872 regina
283 793 366 854 dolos
387 793 461 874 (quis
482 793 583 854 tallere
604 794 695 872 possit
715 799 861 854 amantem
869 793 893 870 l)

62 879 225 956 praesensit
250 885 405 956 motusque
422 878 536 957 excepit
555 879 649 955 prhna
671 876 803 945 futuros,

62 962 159 1020 omnia
181 968 243 1022 tuta
264 963 379 1023 timens.
424 962 526 1023 eadem
545 962 633 1039 impia
654 960 744 1021 Fama
763 959 872 1020 lurenti

62 1044 164 1105 detulit
185 1045 294 1106 armari
316 1045 438 1106 classem
462 1062 642 1123 cursumque
663 1044 771 1122 parari.

61 1129 150 1188 saevit
170 1130 254 1207 inops
272 1129 360 1189 animi
380 1136 530 1207 totamque
551 1130 670 1189 incensa
691 1145 745 1205 per
760 1126 866 1188 urbem

61 1210 236 1281 bacchatur,
262 1211 355 1290 quahs
373 1214 526 1273 commotis
548 1213 641 1273 excita
662 1212 754 1273 sacris

62 1293 181 1373 Thyias,
204 1295 255 1355 ubi
277 1295 375 1356 audito
397 1295 546 1356 stimulant
566 1297 714 1356 trieterica
735 1294 851 1356 baccho

62 1379 142 1454 orgia
165 1385 385 1456 nocturnusque
407 1386 491 1439 vocat
509 1379 637 1439 clamore
656 1378 822 1439 Cithaeron.

61 1459 179 1520 tandem
200 1461 247 1520 his
267 1462 385 1521 henean
406 1460 560 1539 compehat
578 1461 698 1521 vocibus
720 1461 813 1521 ultro:

104 1542 307 1604 ‘Dissimulare
329 1544 416 1604 etiam
435 1544 575 1622 sperasti,
598 1544 725 1622 perfide,
748 1549 861 1603 tantum

61 1644 147 1705 posse
166 1627 248 1687 netas
269 1627 432 1705 tacitusque
453 1645 517 1688 mea
537 1626 683 1688 decedere
703 1625 801 1687 terrai

61 1718 160 1771 necte
178 1717 278 1771 noster
301 1728 384 1771 amor
406 1728 461 1772 neo
478 1719 507 1772 ta
528 1710 594 1771 data
616 1710 737 1770 dextera
757 1707 905 1787 quondam

61 1812 117 1854 neo
139 1794 282 1855 moritura
300 1800 381 1855 tenet
402 1793 514 1855 crudeli
536 1794 640 1855 lunere
662 1792 754 1853 hicat

62 1879 131 1953 quin
154 1879 240 1939 etiam
261 1877 385 1938 hiberno
403 1877 515 1938 moliris
532 1877 628 1939 sidere
648 1876 786 1945 classem,

63 1969 91 2021 et
117 1961 220 2022 mediis
241 1978 384 2040 properas
406 1961 590 2041 aquilonibus
610 1959 654 2022 ire
675 1979 729 2039 per
751 1959 858 2028 altum,

63 2043 208 2106 crudelis?
251 2045 366 2122 quidsi
387 2063 448 2105 non
469 2062 536 2106 arva
559 2044 652 2106 aliena
672 2044 834 2122 domosque

62 2129 174 2204 ignotas
193 2135 326 2207 peteres,
347 2128 399 2189 sed
413 2129 501 2190 Troia
520 2130 638 2208 antiqua
660 2134 805 2198 maneret,

62 2209 149 2272 Troia
171 2230 225 2290 per
246 2212 392 2273 undosum
414 2219 565 2291 peteretur
591 2212 731 2274 classibus
754 2209 885 2289 aequori

62 2311 147 2355 mene
170 2294 262 2371 iugis?
289 2313 342 2373 per
366 2313 419 2373 ego
441 2297 494 2356 has
514 2296 650 2357 lacrimas
672 2295 863 2372 dextramque
883 2300 964 2354 tuam
988 2299 1016 2351 te

38 2356 190 2455 [lquando
212 2377 290 2439 aliud
312 2378 383 2438 mihi
405 2380 463 2439 iam
484 2380 609 2440 miserae
631 2378 703 2438 nihil
721 2380 784 2456 ipsa
804 2360 948 2470 reliquffl
1032 2384 1083 2438 tls

61 2478 115 2538 per
138 2459 262 2521 conubia
279 2468 395 2530 nostra,
417 2479 471 2539 per
492 2464 624 2538 inceptos
645 2461 839 2538 hymenaeos,

62 2544 85 2602 si
106 2542 183 2604 bene
205 2543 274 2620 quid
296 2542 333 2603 de
354 2549 383 2604 te
403 2545 498 2604 merui
516 2544 569 2603 luit
589 2551 639 2603 aut
658 2543 711 2602 tibi
732 2543 888 2619 quicquam

62 2624 148 2686 dulce
169 2644 282 2695 meum,
306 2626 449 2687 miserere
467 2625 571 2686 domus
592 2625 716 2686 labentis
738 2633 767 2686 et
787 2626 887 2694 istam,

62 2727 130 2779 oro,
153 2709 244 2786 siquis
265 2709 362 2770 adhuc
382 2709 521 2787 precihus
540 2708 636 2778 locus,
660 2726 734 2770 exue
755 2714 892 2769 mentem.

61 2801 90 2853 te
112 2799 234 2871 propter
255 2791 380 2872 Libycae
397 2801 498 2870 gentes
519 2792 740 2871 Nomadumque
761 2791 876 2871 tyranni
1034 2798 1084 2853 320

62 2875 168 2945 odere,
191 2876 298 2937 infensi
317 2876 411 2955 Tyrii;
432 2884 461 2938 te
483 2885 604 2955 propter
626 2877 751 2938 eundem

62 2961 205 3021 extinctus
225 2960 321 3038 pudor
343 2967 387 3032 et,
410 2978 466 3039 qua
489 2959 550 3021 sola
571 2960 666 3021 sidera
688 2960 818 3029 adibam,

61 3044 137 3103 lama
161 3044 252 3120 prior.
297 3045 343 3105 cui
364 3062 412 3105 me
433 3045 638 3105 moribundam
658 3044 784 3113 deseris,
806 3042 932 3120 hospes?

62 3126 119 3186 hoc
137 3125 232 3187 solum
254 3144 363 3189 nomen
385 3130 523 3207 quoniam
545 3129 583 3188 de
604 3130 729 3206 coniuge
750 3132 849 3187 restat.

63 3208 132 3287 quid
154 3211 273 3270 moror?
295 3228 333 3272 an
352 3230 417 3273 mea
436 3211 606 3292 Pygmalion
627 3211 697 3272 dum
719 3211 834 3270 moenia
855 3209 944 3270 irater
1032 3215 1082 3272 825

62 3292 207 3362 destruat,
229 3300 279 3353 aut
299 3303 412 3372 captam
434 3295 521 3356 ducat
541 3293 680 3356 Gaetulus
701 3292 820 3354 larbasi

63 3374 165 3436 saltem
187 3377 269 3454 siqua
290 3378 362 3439 rnihi
383 3378 468 3439 dete
489 3385 624 3456 suscepta
645 3378 747 3439 luisset

63 3464 130 3520 ante
148 3459 246 3536 lugam
268 3459 403 3531 suboles,
425 3462 515 3543 siquis
536 3462 608 3523 mihi
629 3459 767 3540 parvolus
788 3457 852 3520 aula
