2400 3878
118 186 181 252 880
440 201 469 247 P.
494 198 636 247 vunnim
659 199 812 249 HABONIS

119 372 178 415 non
200 353 282 413 licuit
303 353 437 431 gravidos
459 370 551 432 penso
573 351 726 413 devolvere
748 353 846 415 lusosl

119 445 148 498 at
169 436 239 497 belli
261 435 364 498 saltem
387 439 529 516 captivam
551 435 617 514 lege
639 438 787 497 necasses!

118 522 175 582 lam
198 520 275 580 fesso
299 521 416 581 tandem
437 520 554 598 lugiunt
575 519 612 579 de
634 537 759 598 corpore
780 521 865 591 vires,

119 612 148 665 et
170 613 258 683 caput
279 604 386 664 inflexa
408 603 520 664 lentum
543 605 656 663 cervice
677 603 833 673 recumbit,

118 706 283 748 marmorea
305 687 437 748 adductis
459 686 614 748 tabescunt
634 685 771 747 bracchia
793 688 887 749 nodis.

118 789 280 850 aequoreae
302 773 424 849 pristes,
446 772 587 831 immania
609 788 734 850 corpora
755 773 846 849 ponti

117 855 246 933 undique
269 856 446 915 conveniunt
468 863 497 914 et
519 852 622 931 glauco
644 855 674 913 in
696 854 812 931 gurgite
834 856 945 914 circum

116 937 240 999 verbere
261 938 419 999 caudarum
442 946 528 1016 atque
550 939 610 998 oris
632 938 803 997 minitantur
824 938 914 999 hiatu.

116 1022 175 1082 iam
198 1022 315 1082 tandem
338 1038 423 1083 casus
444 1020 611 1090 hominum,
634 1022 692 1080 iam
714 1022 844 1100 respice,
867 1022 976 1083 Minos.

116 1106 154 1166 sit
175 1107 244 1165 satis
266 1105 337 1173 hoo,
361 1112 473 1165 tantum
496 1102 620 1182 Scyllam
643 1102 747 1163 vidisse
768 1103 920 1174 malorum.

117 1188 161 1249 vel
183 1189 242 1248 lato
264 1188 354 1248 suerit
375 1188 460 1248 nohis
481 1187 555 1247 haec
578 1187 675 1247 debita
697 1189 787 1265 postis

117 1270 163 1332 vel
185 1290 253 1331 casu
275 1274 388 1332 incerto
411 1272 515 1330 merita
537 1269 583 1330 rel
605 1270 731 1347 deniqne
754 1269 854 1350 culpa:

117 1357 215 1416 omnia
237 1373 304 1415 nam
326 1356 423 1435 potius
445 1372 532 1434 quam
555 1362 584 1414 te
607 1353 710 1413 iecisse
731 1354 862 1434 putabo?

158 1438 279 1500 Labitur
301 1440 414 1499 interea
436 1437 565 1498 resoluta
579 1436 615 1496 ab
632 1437 718 1499 litore
733 1438 842 1509 classis,

117 1540 224 1601 magna
244 1524 400 1601 repentino
423 1523 576 1584 sinuantur
598 1521 688 1582 lintea
710 1540 789 1591 coro,

117 1606 244 1670 flectitur
265 1608 297 1666 iu
318 1605 404 1666 viridi
425 1624 525 1666 remus
547 1603 620 1674 sale,
643 1603 780 1682 languida
802 1604 896 1665 fessae

117 1691 237 1769 vlrp'nis
258 1692 289 1749 in
312 1708 400 1750 cursu
421 1691 545 1749 moritur
567 1689 750 1767 querimonia
771 1688 869 1766 longo.

118 1774 228 1834 deserit
250 1775 380 1851 angustis
401 1772 547 1833 inclusum
569 1771 702 1832 lancibus
723 1772 866 1841 Isthmon,

118 1855 287 1935 Gypselidae
310 1858 409 1934 magni
431 1856 565 1915 florentia
587 1872 678 1931 regna
702 1856 850 1924 Corinthi;

117 1940 259 2020 praeterit
281 1939 420 2018 abruptas
442 1939 572 1999 Scironis
593 1939 728 2015 protinus
750 1955 834 1998 arces

117 2023 314 2101 infestumque
336 2024 396 2081 suls
419 2020 500 2082 dirae
521 2019 677 2081 testudinis
700 2021 759 2081 exit

117 2105 266 2185 spelaeum
288 2104 438 2184 multoque
462 2111 597 2164 cruentas
619 2105 734 2181 hospite
750 2110 857 2165 cautes.

117 2192 234 2268 iamque
256 2189 330 2248 adeo
350 2196 445 2249 tutum
468 2187 556 2266 longe
578 2188 698 2247 Piraeea
720 2188 823 2256 cernit,

118 2281 147 2334 et
168 2280 252 2333 notas
281 2271 356 2330 eheu
383 2272 492 2334 frustra
515 2278 662 2348 respectat
682 2271 820 2331 Athenas.

117 2359 175 2416 iam
197 2354 300 2436 procul
323 2375 339 2415 e
362 2357 452 2417 ssuctu
474 2355 631 2416 Salaminia
653 2356 775 2433 suspicit
797 2371 864 2414 arva

117 2440 313 2519 florentesque
336 2440 413 2500 videt
434 2442 491 2500 iam
514 2439 667 2518 Cycladum
690 2439 760 2498 hinc
781 2439 862 2499 sinus
883 2436 926 2497 illi

118 2524 239 2594 Sunius,
262 2524 331 2583 hinc
353 2527 437 2584 statio
461 2531 563 2583 contra
584 2531 665 2603 patet
685 2523 871 2583 Hermionea.

117 2607 259 2687 linquitur
281 2615 348 2667 ante
371 2607 442 2670 alias
463 2607 550 2686 longe
572 2607 736 2686 gratissima
758 2605 844 2666 Delos

117 2691 275 2752 Nereidum
298 2693 384 2752 matri
407 2699 437 2752 et
457 2691 593 2770 Neptuno
615 2692 740 2767 Aegaeo.

118 2777 260 2854 prospicit
280 2777 438 2835 incinctam
461 2776 608 2854 spumanti
629 2774 716 2834 litore
739 2772 873 2852 Cythnon

118 2876 371 2936 marmoreamque
393 2859 490 2919 Paron
512 2858 693 2938 viridemque
716 2856 832 2935 adlapsa
854 2856 1000 2935 Donysam

117 2942 314 3019 deginamque
337 2941 423 3000 simul
445 2939 721 3019 semontiieramque
743 2940 910 3017 Seriphum.

118 3023 211 3084 fertur
233 3031 263 3083 et
283 3024 404 3083 incertis
426 3025 549 3082 iactatur
572 3022 607 3081 ad
631 3028 697 3082 aera
721 3025 822 3091 ventis,

118 3106 221 3183 cymba
244 3106 334 3175 velut,
358 3123 479 3184 magnas
500 3107 631 3182 sequitur
653 3124 718 3165 cum
741 3104 858 3183 parvola
882 3105 989 3167 classes

117 3191 186 3252 dier
208 3198 238 3250 et
258 3189 383 3251 hiberno
404 3189 564 3249 bacchatur
585 3190 615 3247 in
638 3206 765 3268 aequore
786 3188 882 3259 turbo,

118 3273 211 3333 donec
235 3273 291 3334 tale
313 3275 402 3334 decus
424 3272 538 3333 formae
559 3273 692 3333 venarier
714 3271 790 3332 ultra

118 3374 177 3416 non
199 3358 265 3416 tulit
281 3376 315 3418 ao
338 3360 462 3419 miseros
484 3358 605 3417 mutavit
625 3356 745 3432 virginis
768 3363 848 3415 artus

117 3439 252 3500 caeruleo
274 3439 388 3520 pollens
410 3441 538 3501 coniunx
559 3440 703 3520 Neptunia
724 3455 831 3518 regno,
