<?xml version="1.0" encoding="UTF-8"?>
<!DOCTYPE html PUBLIC "-//W3C//DTD XHTML 1.0 Transitional//EN"
    "http://www.w3.org/TR/xhtml1/DTD/xhtml1-transitional.dtd">
<html xmlns="http://www.w3.org/1999/xhtml" xml:lang="en" lang="en">
 <head>
  <title>
</title>
<meta http-equiv="Content-Type" content="text/html;charset=utf-8" />
  <meta name='ocr-system' content='tesseract 3.04.00' />
  <meta name='ocr-capabilities' content='ocr_page ocr_carea ocr_par ocr_line ocrx_word'/>
</head>
<body>
  <div class='ocr_page' id='page_1' title='image "./operainusumscho00virggoog_0073.png"; bbox 0 0 2400 3878; ppageno 0'>
   <div class='ocr_carea' id='block_1_1' title="bbox 357 237 757 290">
    <p class='ocr_par' dir='ltr' id='par_1_1' title="bbox 357 237 757 290">
     <span class='ocr_line' id='line_1_1' title="bbox 357 237 757 290; baseline 0.01 -6"><span class='ocrx_word' id='word_1_1' title='bbox 357 237 498 285; x_wconf 74' lang='lat' dir='ltr'>vusqlm</span> <span class='ocrx_word' id='word_1_2' title='bbox 521 239 722 290; x_wconf 72' lang='lat' dir='ltr'>asonqlcon</span> <span class='ocrx_word' id='word_1_3' title='bbox 743 243 757 288; x_wconf 93' lang='lat'><em>1</em></span> 
     </span>
    </p>
   </div>
   <div class='ocr_carea' id='block_1_2' title="bbox 10 390 1086 3633">
    <p class='ocr_par' dir='ltr' id='par_1_2' title="bbox 54 390 1086 3633">
     <span class='ocr_line' id='line_1_2' title="bbox 57 390 740 472; baseline 0.003 -18"><span class='ocrx_word' id='word_1_4' title='bbox 57 401 87 454; x_wconf 90' lang='lat' dir='ltr'>at</span> <span class='ocrx_word' id='word_1_5' title='bbox 109 390 206 452; x_wconf 89' lang='lat' dir='ltr'>medio</span> <span class='ocrx_word' id='word_1_6' title='bbox 229 400 321 455; x_wconf 89' lang='lat' dir='ltr'>tostas</span> <span class='ocrx_word' id='word_1_7' title='bbox 343 400 424 454; x_wconf 92' lang='lat' dir='ltr'>aestu</span> <span class='ocrx_word' id='word_1_8' title='bbox 448 397 517 454; x_wconf 88' lang='lat' dir='ltr'>terit</span> <span class='ocrx_word' id='word_1_9' title='bbox 538 412 606 454; x_wconf 86' lang='lat' dir='ltr'>area</span> <span class='ocrx_word' id='word_1_10' title='bbox 629 396 740 472; x_wconf 82' lang='lat' dir='ltr'>fruges.</span> 
     </span>
     <span class='ocr_line' id='line_1_3' title="bbox 57 476 865 559; baseline 0.004 -23"><span class='ocrx_word' id='word_1_11' title='bbox 57 476 153 536; x_wconf 92' lang='lat' dir='ltr'>nudus</span> <span class='ocrx_word' id='word_1_12' title='bbox 177 493 243 546; x_wconf 90' lang='lat' dir='ltr'>ara,</span> <span class='ocrx_word' id='word_1_13' title='bbox 268 494 334 537; x_wconf 89' lang='lat' dir='ltr'>sere</span> <span class='ocrx_word' id='word_1_14' title='bbox 357 477 467 545; x_wconf 91' lang='lat' dir='ltr'>nudus;</span> <span class='ocrx_word' id='word_1_15' title='bbox 491 478 606 559; x_wconf 84' lang='lat' dir='ltr'>hiemps</span> <span class='ocrx_word' id='word_1_16' title='bbox 627 480 730 556; x_wconf 82' lang='lat' dir='ltr'>ignava</span> <span class='ocrx_word' id='word_1_17' title='bbox 753 479 865 543; x_wconf 89' lang='lat' dir='ltr'>colono.</span> 
     </span>
     <span class='ocr_line' id='line_1_4' title="bbox 57 559 1061 641; baseline 0.009 -23"><span class='ocrx_word' id='word_1_18' title='bbox 57 559 216 638; x_wconf 84' lang='lat' dir='ltr'><strong>frigoribus</strong></span> <span class='ocrx_word' id='word_1_19' title='bbox 238 569 322 640; x_wconf 92' lang='lat' dir='ltr'>parto</span> <span class='ocrx_word' id='word_1_20' title='bbox 344 561 488 639; x_wconf 81' lang='lat' dir='ltr'>agricolae</span> <span class='ocrx_word' id='word_1_21' title='bbox 511 561 687 641; x_wconf 88' lang='lat' dir='ltr'>plerumque</span> <span class='ocrx_word' id='word_1_22' title='bbox 708 565 855 632; x_wconf 80' lang='lat' dir='ltr'>fruuntur,</span> <span class='ocrx_word' id='word_1_23' title='bbox 1010 574 1061 627; x_wconf 78' lang='grc'>300</span> 
     </span>
     <span class='ocr_line' id='line_1_5' title="bbox 56 645 748 721; baseline 0.009 -19"><span class='ocrx_word' id='word_1_24' title='bbox 56 651 215 721; x_wconf 90' lang='lat' dir='ltr'>mutuaque</span> <span class='ocrx_word' id='word_1_25' title='bbox 237 646 315 704; x_wconf 91' lang='lat' dir='ltr'>inter</span> <span class='ocrx_word' id='word_1_26' title='bbox 337 663 369 706; x_wconf 90' lang='lat' dir='ltr'>se</span> <span class='ocrx_word' id='word_1_27' title='bbox 392 645 461 705; x_wconf 90' lang='lat' dir='ltr'>laeti</span> <span class='ocrx_word' id='word_1_28' title='bbox 483 649 613 707; x_wconf 86' lang='lat' dir='ltr'>convivia</span> <span class='ocrx_word' id='word_1_29' title='bbox 636 656 748 708; x_wconf 86' lang='lat' dir='ltr'>curant.</span> 
     </span>
     <span class='ocr_line' id='line_1_6' title="bbox 55 728 758 806; baseline 0.007 -21"><span class='ocrx_word' id='word_1_30' title='bbox 55 728 159 787; x_wconf 87' lang='lat' dir='ltr'>invitat</span> <span class='ocrx_word' id='word_1_31' title='bbox 180 728 303 802; x_wconf 90' lang='lat' dir='ltr'>genialis</span> <span class='ocrx_word' id='word_1_32' title='bbox 325 728 440 789; x_wconf 85' lang='lat' dir='ltr'>hiemns</span> <span class='ocrx_word' id='word_1_33' title='bbox 462 747 606 806; x_wconf 91' lang='lat' dir='ltr'>curasque</span> <span class='ocrx_word' id='word_1_34' title='bbox 628 731 758 800; x_wconf 81' lang='lat' dir='ltr'>resolvi,</span> 
     </span>
     <span class='ocr_line' id='line_1_7' title="bbox 57 815 848 891; baseline 0.006 -21"><span class='ocrx_word' id='word_1_35' title='bbox 57 829 111 871; x_wconf 88' lang='lat' dir='ltr'>ceu</span> <span class='ocrx_word' id='word_1_36' title='bbox 133 828 254 888; x_wconf 82' lang='lat' dir='ltr'>pressae</span> <span class='ocrx_word' id='word_1_37' title='bbox 276 830 343 871; x_wconf 85' lang='lat' dir='ltr'>curn</span> <span class='ocrx_word' id='word_1_38' title='bbox 365 815 422 872; x_wconf 87' lang='lat' dir='ltr'>iarn</span> <span class='ocrx_word' id='word_1_39' title='bbox 444 823 561 891; x_wconf 90' lang='lat' dir='ltr'>portum</span> <span class='ocrx_word' id='word_1_40' title='bbox 583 816 708 891; x_wconf 91' lang='lat' dir='ltr'>tetigere</span> <span class='ocrx_word' id='word_1_41' title='bbox 731 817 848 876; x_wconf 86' lang='lat' dir='ltr'>carinae</span> 
     </span>
     <span class='ocr_line' id='line_1_8' title="bbox 55 893 822 976; baseline 0.007 -22"><span class='ocrx_word' id='word_1_42' title='bbox 55 893 203 973; x_wconf 88' lang='lat' dir='ltr'>puppibus</span> <span class='ocrx_word' id='word_1_43' title='bbox 227 902 256 954; x_wconf 91' lang='lat' dir='ltr'>et</span> <span class='ocrx_word' id='word_1_44' title='bbox 277 896 346 955; x_wconf 90' lang='lat' dir='ltr'>laeti</span> <span class='ocrx_word' id='word_1_45' title='bbox 369 905 476 957; x_wconf 82' lang='lat' dir='ltr'>nautae</span> <span class='ocrx_word' id='word_1_46' title='bbox 498 899 666 976; x_wconf 81' lang='lat' dir='ltr'>imposuere</span> <span class='ocrx_word' id='word_1_47' title='bbox 688 917 822 960; x_wconf 90' lang='lat' dir='ltr'>coronas</span> 
     </span>
     <span class='ocr_line' id='line_1_9' title="bbox 55 978 1060 1064; baseline 0.014 -28"><span class='ocrx_word' id='word_1_48' title='bbox 55 978 106 1037; x_wconf 92' lang='lat' dir='ltr'>sed</span> <span class='ocrx_word' id='word_1_49' title='bbox 129 987 227 1038; x_wconf 90' lang='lat' dir='ltr'>tamen</span> <span class='ocrx_word' id='word_1_50' title='bbox 250 986 280 1039; x_wconf 91' lang='lat' dir='ltr'>et</span> <span class='ocrx_word' id='word_1_51' title='bbox 301 999 430 1058; x_wconf 89' lang='lat' dir='ltr'>quernas</span> <span class='ocrx_word' id='word_1_52' title='bbox 452 981 574 1057; x_wconf 82' lang='lat' dir='ltr'>glandes</span> <span class='ocrx_word' id='word_1_53' title='bbox 595 990 658 1043; x_wconf 89' lang='lat' dir='ltr'>turn</span> <span class='ocrx_word' id='word_1_54' title='bbox 680 985 827 1060; x_wconf 90' lang='lat' dir='ltr'>stringere</span> <span class='ocrx_word' id='word_1_55' title='bbox 848 993 966 1064; x_wconf 86' lang='lat' dir='ltr'>tempus</span> <span class='ocrx_word' id='word_1_56' title='bbox 1009 996 1060 1050; x_wconf 80' lang='grc'>305</span> 
     </span>
     <span class='ocr_line' id='line_1_10' title="bbox 57 1059 795 1166; baseline 0 -39"><span class='ocrx_word' id='word_1_57' title='bbox 57 1071 86 1127; x_wconf 80' lang='lat' dir='ltr'>et</span> <span class='ocrx_word' id='word_1_58' title='bbox 107 1059 182 1125; x_wconf 85' lang='lat' dir='ltr'>lauri</span> <span class='ocrx_word' id='word_1_59' title='bbox 206 1061 292 1125; x_wconf 88' lang='lat' dir='ltr'>bacas</span> <span class='ocrx_word' id='word_1_60' title='bbox 314 1062 467 1142; x_wconf 88' lang='lat' dir='ltr'>oleamque</span> <span class='ocrx_word' id='word_1_61' title='bbox 490 1073 670 1145; x_wconf 89' lang='lat' dir='ltr'>cruentaque</span> <span class='ocrx_word' id='word_1_62' title='bbox 693 1076 795 1166; x_wconf 80' lang='lat' dir='ltr'>myrta,</span> 
     </span>
     <span class='ocr_line' id='line_1_11' title="bbox 56 1149 802 1248; baseline 0.003 -38"><span class='ocrx_word' id='word_1_63' title='bbox 56 1160 115 1210; x_wconf 90' lang='lat' dir='ltr'>tum</span> <span class='ocrx_word' id='word_1_64' title='bbox 139 1149 261 1227; x_wconf 83' lang='lat' dir='ltr'>gruibus</span> <span class='ocrx_word' id='word_1_65' title='bbox 283 1149 402 1248; x_wconf 89' lang='lat' dir='ltr'>pedicas</span> <span class='ocrx_word' id='word_1_66' title='bbox 426 1156 455 1210; x_wconf 92' lang='lat' dir='ltr'>et</span> <span class='ocrx_word' id='word_1_67' title='bbox 477 1151 550 1210; x_wconf 89' lang='lat' dir='ltr'>retia</span> <span class='ocrx_word' id='word_1_68' title='bbox 572 1169 683 1228; x_wconf 88' lang='lat' dir='ltr'>ponere</span> <span class='ocrx_word' id='word_1_69' title='bbox 707 1153 802 1212; x_wconf 86' lang='lat' dir='ltr'>cervis</span> 
     </span>
     <span class='ocr_line' id='line_1_12' title="bbox 56 1233 841 1312; baseline 0.003 -19"><span class='ocrx_word' id='word_1_70' title='bbox 56 1235 226 1310; x_wconf 85' lang='lat' dir='ltr'>auritosque</span> <span class='ocrx_word' id='word_1_71' title='bbox 250 1235 333 1311; x_wconf 92' lang='lat' dir='ltr'>sequi</span> <span class='ocrx_word' id='word_1_72' title='bbox 356 1233 488 1311; x_wconf 91' lang='lat' dir='ltr'>lepores,</span> <span class='ocrx_word' id='word_1_73' title='bbox 511 1242 574 1294; x_wconf 88' lang='lat' dir='ltr'>turn</span> <span class='ocrx_word' id='word_1_74' title='bbox 597 1236 687 1312; x_wconf 88' lang='lat' dir='ltr'>ligere</span> <span class='ocrx_word' id='word_1_75' title='bbox 710 1236 841 1295; x_wconf 89' lang='lat' dir='ltr'>dammas</span> 
     </span>
     <span class='ocr_line' id='line_1_13' title="bbox 55 1317 822 1395; baseline 0.001 -18"><span class='ocrx_word' id='word_1_76' title='bbox 55 1324 177 1395; x_wconf 90' lang='lat' dir='ltr'>stuppea</span> <span class='ocrx_word' id='word_1_77' title='bbox 199 1324 385 1394; x_wconf 80' lang='lat' dir='ltr'>torquentem</span> <span class='ocrx_word' id='word_1_78' title='bbox 407 1317 536 1378; x_wconf 87' lang='lat' dir='ltr'>Balearis</span> <span class='ocrx_word' id='word_1_79' title='bbox 558 1317 680 1379; x_wconf 91' lang='lat' dir='ltr'>verbera</span> <span class='ocrx_word' id='word_1_80' title='bbox 704 1319 822 1386; x_wconf 87' lang='lat' dir='ltr'>lundae,</span> 
     </span>
     <span class='ocr_line' id='line_1_14' title="bbox 57 1399 1063 1480; baseline 0.005 -20"><span class='ocrx_word' id='word_1_81' title='bbox 57 1419 125 1472; x_wconf 82' lang='lat' dir='ltr'>cum</span> <span class='ocrx_word' id='word_1_82' title='bbox 147 1400 197 1459; x_wconf 88' lang='lat' dir='ltr'>nix</span> <span class='ocrx_word' id='word_1_83' title='bbox 220 1399 277 1460; x_wconf 90' lang='lat' dir='ltr'>alta</span> <span class='ocrx_word' id='word_1_84' title='bbox 299 1402 387 1469; x_wconf 87' lang='lat' dir='ltr'>iacet,</span> <span class='ocrx_word' id='word_1_85' title='bbox 412 1401 533 1476; x_wconf 87' lang='lat' dir='ltr'>glaciem</span> <span class='ocrx_word' id='word_1_86' title='bbox 557 1420 645 1480; x_wconf 91' lang='lat' dir='ltr'>quom</span> <span class='ocrx_word' id='word_1_87' title='bbox 667 1402 787 1462; x_wconf 90' lang='lat' dir='ltr'>llumina</span> <span class='ocrx_word' id='word_1_88' title='bbox 809 1403 941 1463; x_wconf 88' lang='lat' dir='ltr'>trudunt.</span> <span class='ocrx_word' id='word_1_89' title='bbox 1007 1414 1063 1469; x_wconf 81' lang='grc'>310</span> 
     </span>
     <span class='ocr_line' id='line_1_15' title="bbox 57 1483 1058 1562; baseline 0.003 -19"><span class='ocrx_word' id='word_1_90' title='bbox 57 1491 86 1543; x_wconf 85' lang='grc'>00</span> <span class='ocrx_word' id='word_1_91' title='bbox 109 1483 227 1560; x_wconf 87' lang='lat' dir='ltr'>quidam</span> <span class='ocrx_word' id='word_1_92' title='bbox 251 1501 333 1542; x_wconf 91' lang='lat' dir='ltr'>seros</span> <span class='ocrx_word' id='word_1_93' title='bbox 355 1484 472 1542; x_wconf 87' lang='lat' dir='ltr'>hiberni</span> <span class='ocrx_word' id='word_1_94' title='bbox 494 1484 530 1544; x_wconf 92' lang='lat' dir='ltr'>ad</span> <span class='ocrx_word' id='word_1_95' title='bbox 552 1483 671 1543; x_wconf 92' lang='lat' dir='ltr'>luminis</span> <span class='ocrx_word' id='word_1_96' title='bbox 692 1487 776 1562; x_wconf 92' lang='lat' dir='ltr'>ignes</span> <span class='ocrx_word' id='word_1_97' title='bbox 1008 1496 1058 1551; x_wconf 78' lang='grc'>09]</span> 
     </span>
     <span class='ocr_line' id='line_1_16' title="bbox 56 1566 758 1645; baseline 0 -19"><span class='ocrx_word' id='word_1_98' title='bbox 56 1566 223 1645; x_wconf 83' lang='lat' dir='ltr'>pervigilat,</span> <span class='ocrx_word' id='word_1_99' title='bbox 248 1567 388 1644; x_wconf 79' lang='lat' dir='ltr'>ferroque</span> <span class='ocrx_word' id='word_1_100' title='bbox 410 1567 489 1626; x_wconf 85' lang='lat' dir='ltr'>iaces</span> <span class='ocrx_word' id='word_1_101' title='bbox 510 1568 637 1644; x_wconf 91' lang='lat' dir='ltr'>inspicat</span> <span class='ocrx_word' id='word_1_102' title='bbox 659 1575 758 1634; x_wconf 91' lang='lat' dir='ltr'>acuto;</span> 
     </span>
     <span class='ocr_line' id='line_1_17' title="bbox 56 1649 689 1726; baseline 0.002 -17"><span class='ocrx_word' id='word_1_103' title='bbox 56 1653 171 1710; x_wconf 90' lang='lat' dir='ltr'>interea</span> <span class='ocrx_word' id='word_1_104' title='bbox 193 1649 313 1726; x_wconf 89' lang='lat' dir='ltr'>longum</span> <span class='ocrx_word' id='word_1_105' title='bbox 337 1658 423 1709; x_wconf 91' lang='lat' dir='ltr'>cantu</span> <span class='ocrx_word' id='word_1_106' title='bbox 446 1649 536 1710; x_wconf 89' lang='lat' dir='ltr'>solata</span> <span class='ocrx_word' id='word_1_107' title='bbox 558 1650 689 1710; x_wconf 86' lang='lat' dir='ltr'>laborem</span> 
     </span>
     <span class='ocr_line' id='line_1_18' title="bbox 58 1734 725 1812; baseline 0.002 -19"><span class='ocrx_word' id='word_1_108' title='bbox 58 1741 161 1812; x_wconf 86' lang='lat' dir='ltr'>arguto</span> <span class='ocrx_word' id='word_1_109' title='bbox 184 1735 310 1793; x_wconf 82' lang='lat' dir='ltr'>coniunx</span> <span class='ocrx_word' id='word_1_110' title='bbox 333 1736 481 1811; x_wconf 89' lang='lat' dir='ltr'>percurrit</span> <span class='ocrx_word' id='word_1_111' title='bbox 504 1735 621 1810; x_wconf 90' lang='lat' dir='ltr'>pectine</span> <span class='ocrx_word' id='word_1_112' title='bbox 643 1734 725 1802; x_wconf 89' lang='lat' dir='ltr'>telas,</span> 
     </span>
     <span class='ocr_line' id='line_1_19' title="bbox 57 1816 1059 1894; baseline 0.004 -17"><span class='ocrx_word' id='word_1_113' title='bbox 57 1826 107 1878; x_wconf 92' lang='lat' dir='ltr'>aut</span> <span class='ocrx_word' id='word_1_114' title='bbox 130 1816 224 1877; x_wconf 93' lang='lat' dir='ltr'>dulcis</span> <span class='ocrx_word' id='word_1_115' title='bbox 246 1819 334 1877; x_wconf 91' lang='lat' dir='ltr'>musti</span> <span class='ocrx_word' id='word_1_116' title='bbox 356 1817 484 1876; x_wconf 88' lang='lat' dir='ltr'>Volcano</span> <span class='ocrx_word' id='word_1_117' title='bbox 507 1818 645 1894; x_wconf 89' lang='lat' dir='ltr'>decoquit</span> <span class='ocrx_word' id='word_1_118' title='bbox 666 1835 800 1878; x_wconf 90' lang='lat' dir='ltr'>umorem</span> <span class='ocrx_word' id='word_1_119' title='bbox 1009 1828 1059 1882; x_wconf 76' lang='lat'>295</span> 
     </span>
     <span class='ocr_line' id='line_1_20' title="bbox 10 1900 1060 2011; baseline 0.004 -50.412"><span class='ocrx_word' id='word_1_120' title='bbox 10 1901 186 2011; x_wconf 90' lang='lat' dir='ltr'>etloliis</span> <span class='ocrx_word' id='word_1_121' title='bbox 207 1900 315 1961; x_wconf 89' lang='lat' dir='ltr'>undam</span> <span class='ocrx_word' id='word_1_122' title='bbox 339 1902 445 1978; x_wconf 89' lang='lat' dir='ltr'>trepidi</span> <span class='ocrx_word' id='word_1_123' title='bbox 468 1901 621 1978; x_wconf 89' lang='lat' dir='ltr'>despumat</span> <span class='ocrx_word' id='word_1_124' title='bbox 642 1902 740 1972; x_wconf 89' lang='lat' dir='ltr'>aheni.</span> <span class='ocrx_word' id='word_1_125' title='bbox 1008 1911 1060 1966; x_wconf 74' lang='lat'>296</span> 
     </span>
     <span class='ocr_line' id='line_1_21' title="bbox 10 1962 1057 2062; baseline 0.004 -19.376"><span class='ocrx_word' id='word_1_126' title='bbox 10 1962 174 2055; x_wconf 43' lang='lat' dir='ltr'>”Quid</span> <span class='ocrx_word' id='word_1_127' title='bbox 197 1991 386 2062; x_wconf 86' lang='lat' dir='ltr'>tempestates</span> <span class='ocrx_word' id='word_1_128' title='bbox 410 1986 595 2045; x_wconf 87' lang='lat' dir='ltr'>autumniet</span> <span class='ocrx_word' id='word_1_129' title='bbox 584 1985 713 2046; x_wconf 91' lang='lat' dir='ltr'>tsidera</span> <span class='ocrx_word' id='word_1_130' title='bbox 735 1984 839 2053; x_wconf 89' lang='lat' dir='ltr'>dicam,</span> <span class='ocrx_word' id='word_1_131' title='bbox 1008 1996 1057 2048; x_wconf 81' lang='lat'>311</span> 
     </span>
     <span class='ocr_line' id='line_1_22' title="bbox 55 2065 902 2165; baseline 0.005 -41"><span class='ocrx_word' id='word_1_132' title='bbox 55 2070 309 2148; x_wconf 86' lang='lat' dir='ltr'>atque,ubi1am</span> <span class='ocrx_word' id='word_1_133' title='bbox 331 2069 505 2165; x_wconf 82' lang='lat' dir='ltr'>breviorque</span> <span class='ocrx_word' id='word_1_134' title='bbox 529 2068 590 2128; x_wconf 89' lang='lat' dir='ltr'>dies</span> <span class='ocrx_word' id='word_1_135' title='bbox 613 2076 641 2128; x_wconf 91' lang='lat' dir='ltr'>et</span> <span class='ocrx_word' id='word_1_136' title='bbox 662 2065 777 2127; x_wconf 91' lang='lat' dir='ltr'>mollior</span> <span class='ocrx_word' id='word_1_137' title='bbox 799 2077 902 2138; x_wconf 88' lang='lat' dir='ltr'>aestas,</span> 
     </span>
     <span class='ocr_line' id='line_1_23' title="bbox 57 2150 923 2250; baseline -0.003 -36"><span class='ocrx_word' id='word_1_138' title='bbox 57 2171 131 2250; x_wconf 76' lang='lat' dir='ltr'>quae</span> <span class='ocrx_word' id='word_1_139' title='bbox 153 2152 295 2231; x_wconf 82' lang='lat' dir='ltr'>vigilanda</span> <span class='ocrx_word' id='word_1_140' title='bbox 318 2153 399 2221; x_wconf 89' lang='lat' dir='ltr'>viris;</span> <span class='ocrx_word' id='word_1_141' title='bbox 421 2150 468 2213; x_wconf 82' lang='lat' dir='ltr'>rel</span> <span class='ocrx_word' id='word_1_142' title='bbox 490 2170 556 2212; x_wconf 89' lang='lat' dir='ltr'>cum</span> <span class='ocrx_word' id='word_1_143' title='bbox 578 2151 637 2212; x_wconf 91' lang='lat' dir='ltr'>ruit</span> <span class='ocrx_word' id='word_1_144' title='bbox 658 2150 841 2212; x_wconf 82' lang='lat' dir='ltr'>imbriferum</span> <span class='ocrx_word' id='word_1_145' title='bbox 862 2170 923 2220; x_wconf 87' lang='lat' dir='ltr'>ver,</span> 
     </span>
     <span class='ocr_line' id='line_1_24' title="bbox 56 2235 883 2315; baseline -0.002 -19"><span class='ocrx_word' id='word_1_146' title='bbox 56 2237 152 2314; x_wconf 86' lang='lat' dir='ltr'>spicea</span> <span class='ocrx_word' id='word_1_147' title='bbox 175 2237 232 2295; x_wconf 92' lang='lat' dir='ltr'>iarn</span> <span class='ocrx_word' id='word_1_148' title='bbox 255 2237 364 2315; x_wconf 88' lang='lat' dir='ltr'>campis</span> <span class='ocrx_word' id='word_1_149' title='bbox 386 2254 453 2297; x_wconf 88' lang='lat' dir='ltr'>curn</span> <span class='ocrx_word' id='word_1_150' title='bbox 474 2236 577 2295; x_wconf 90' lang='lat' dir='ltr'>messis</span> <span class='ocrx_word' id='word_1_151' title='bbox 599 2235 745 2294; x_wconf 91' lang='lat' dir='ltr'>inhorruit</span> <span class='ocrx_word' id='word_1_152' title='bbox 767 2242 795 2295; x_wconf 88' lang='lat' dir='ltr'>et</span> <span class='ocrx_word' id='word_1_153' title='bbox 817 2253 883 2296; x_wconf 91' lang='lat' dir='ltr'>curn</span> 
     </span>
     <span class='ocr_line' id='line_1_25' title="bbox 56 2316 1086 2397; baseline 0.002 -18"><span class='ocrx_word' id='word_1_154' title='bbox 56 2319 230 2381; x_wconf 89' lang='lat' dir='ltr'>lrumeuta&#39;</span> <span class='ocrx_word' id='word_1_155' title='bbox 222 2338 251 2379; x_wconf 90' lang='lat' dir='ltr'>1n</span> <span class='ocrx_word' id='word_1_156' title='bbox 272 2319 405 2379; x_wconf 86' lang='lat' dir='ltr'>viridit</span> <span class='ocrx_word' id='word_1_157' title='bbox 379 2318 482 2397; x_wconf 90' lang='lat' dir='ltr'>stipula</span> <span class='ocrx_word' id='word_1_158' title='bbox 504 2319 640 2379; x_wconf 88' lang='lat' dir='ltr'>lactentia</span> <span class='ocrx_word' id='word_1_159' title='bbox 661 2319 799 2396; x_wconf 84' lang='lat' dir='ltr'>turgenti</span> <span class='ocrx_word' id='word_1_160' title='bbox 1011 2316 1086 2382; x_wconf 77' lang='lat'>³15&#39;</span> 
     </span>
     <span class='ocr_line' id='line_1_26' title="bbox 57 2401 884 2481; baseline -0.002 -19"><span class='ocrx_word' id='word_1_161' title='bbox 57 2421 144 2481; x_wconf 82' lang='grc' dir='ltr'>000ρο</span> <span class='ocrx_word' id='word_1_162' title='bbox 166 2420 236 2480; x_wconf 88' lang='lat' dir='ltr'>ego,</span> <span class='ocrx_word' id='word_1_163' title='bbox 260 2421 326 2463; x_wconf 91' lang='lat' dir='ltr'>cnm</span> <span class='ocrx_word' id='word_1_164' title='bbox 348 2402 428 2462; x_wconf 85' lang='lat' dir='ltr'>ilaris</span> <span class='ocrx_word' id='word_1_165' title='bbox 451 2420 611 2462; x_wconf 89' lang='lat' dir='ltr'>messorem</span> <span class='ocrx_word' id='word_1_166' title='bbox 633 2401 787 2462; x_wconf 90' lang='lat' dir='ltr'>induceret</span> <span class='ocrx_word' id='word_1_167' title='bbox 808 2402 884 2460; x_wconf 81' lang='lat' dir='ltr'>arvis</span> 
     </span>
     <span class='ocr_line' id='line_1_27' title="bbox 56 2483 869 2582; baseline -0.005 -36"><span class='ocrx_word' id='word_1_168' title='bbox 56 2485 183 2582; x_wconf 82' lang='lat' dir='ltr'>agricola</span> <span class='ocrx_word' id='word_1_169' title='bbox 206 2493 234 2544; x_wconf 89' lang='lat' dir='ltr'>et</span> <span class='ocrx_word' id='word_1_170' title='bbox 254 2485 379 2561; x_wconf 90' lang='lat' dir='ltr'>lragili&#39;</span> <span class='ocrx_word' id='word_1_171' title='bbox 372 2503 428 2544; x_wconf 82' lang='lat' dir='ltr'>tarn</span> <span class='ocrx_word' id='word_1_172' title='bbox 451 2485 607 2561; x_wconf 89' lang='lat' dir='ltr'>stringeret</span> <span class='ocrx_word' id='word_1_173' title='bbox 628 2484 739 2544; x_wconf 88' lang='lat' dir='ltr'>hordea</span> <span class='ocrx_word' id='word_1_174' title='bbox 764 2483 869 2552; x_wconf 86' lang='lat' dir='ltr'>culmo,</span> 
     </span>
     <span class='ocr_line' id='line_1_28' title="bbox 56 2566 747 2643; baseline -0.003 -17"><span class='ocrx_word' id='word_1_175' title='bbox 56 2568 152 2627; x_wconf 92' lang='lat' dir='ltr'>omnia</span> <span class='ocrx_word' id='word_1_176' title='bbox 174 2576 328 2627; x_wconf 85' lang='lat' dir='ltr'>ventorum</span> <span class='ocrx_word' id='word_1_177' title='bbox 351 2584 528 2627; x_wconf 88' lang='lat' dir='ltr'>concurrere</span> <span class='ocrx_word' id='word_1_178' title='bbox 549 2566 660 2643; x_wconf 89' lang='lat' dir='ltr'>proelia</span> <span class='ocrx_word' id='word_1_179' title='bbox 681 2567 747 2633; x_wconf 87' lang='lat' dir='ltr'>vidi,</span> 
     </span>
     <span class='ocr_line' id='line_1_29' title="bbox 56 2647 981 2729; baseline -0.005 -19"><span class='ocrx_word' id='word_1_180' title='bbox 56 2668 131 2729; x_wconf 88' lang='lat' dir='ltr'>quae</span> <span class='ocrx_word' id='word_1_181' title='bbox 154 2650 302 2728; x_wconf 85' lang='lat' dir='ltr'>gravidam</span> <span class='ocrx_word' id='word_1_182' title='bbox 323 2648 380 2709; x_wconf 91' lang='lat' dir='ltr'>late</span> <span class='ocrx_word' id='word_1_183' title='bbox 403 2654 529 2725; x_wconf 89' lang='lat' dir='ltr'>segetem</span> <span class='ocrx_word' id='word_1_184' title='bbox 553 2648 589 2708; x_wconf 86' lang='lat' dir='ltr'>ab</span> <span class='ocrx_word' id='word_1_185' title='bbox 611 2647 758 2708; x_wconf 90' lang='lat' dir='ltr'>radicibus</span> <span class='ocrx_word' id='word_1_186' title='bbox 780 2649 845 2706; x_wconf 91' lang='lat' dir='ltr'>irnis</span> <span class='ocrx_word' id='word_1_187' title='bbox 977 2709 981 2714; x_wconf 57' lang='grc'>,</span> 
     </span>
     <span class='ocr_line' id='line_1_30' title="bbox 55 2731 1063 2810; baseline -0.002 -16"><span class='ocrx_word' id='word_1_188' title='bbox 55 2733 210 2794; x_wconf 85' lang='lat' dir='ltr'>sublimem</span> <span class='ocrx_word' id='word_1_189' title='bbox 234 2731 382 2810; x_wconf 86' lang='lat' dir='ltr'>expulsam</span> <span class='ocrx_word' id='word_1_190' title='bbox 405 2737 556 2802; x_wconf 81' lang='lat' dir='ltr'>eruerent,</span> <span class='ocrx_word' id='word_1_191' title='bbox 579 2733 616 2791; x_wconf 88' lang='lat' dir='ltr'>ita</span> <span class='ocrx_word' id='word_1_192' title='bbox 638 2731 756 2791; x_wconf 92' lang='lat' dir='ltr'>turbine</span> <span class='ocrx_word' id='word_1_193' title='bbox 775 2731 859 2807; x_wconf 87' lang='lat' dir='ltr'>nigro</span> <span class='ocrx_word' id='word_1_194' title='bbox 1011 2737 1063 2793; x_wconf 77' lang='grc'>000</span> 
     </span>
     <span class='ocr_line' id='line_1_31' title="bbox 55 2812 954 2895; baseline -0.004 -19"><span class='ocrx_word' id='word_1_195' title='bbox 55 2818 146 2878; x_wconf 83' lang='lat' dir='ltr'>ferret</span> <span class='ocrx_word' id='word_1_196' title='bbox 168 2817 280 2895; x_wconf 87' lang='lat' dir='ltr'>hiemps</span> <span class='ocrx_word' id='word_1_197' title='bbox 303 2815 489 2894; x_wconf 90' lang='lat' dir='ltr'>culmumque</span> <span class='ocrx_word' id='word_1_198' title='bbox 510 2813 602 2875; x_wconf 81' lang='lat' dir='ltr'>levem</span> <span class='ocrx_word' id='word_1_199' title='bbox 625 2814 804 2894; x_wconf 89' lang='lat' dir='ltr'>stipulasque</span> <span class='ocrx_word' id='word_1_200' title='bbox 825 2812 954 2873; x_wconf 85' lang='lat' dir='ltr'>volantis.</span> 
     </span>
     <span class='ocr_line' id='line_1_32' title="bbox 55 2897 950 2979; baseline -0.004 -19"><span class='ocrx_word' id='word_1_201' title='bbox 55 2918 141 2979; x_wconf 90' lang='lat' dir='ltr'>saepe</span> <span class='ocrx_word' id='word_1_202' title='bbox 164 2901 250 2961; x_wconf 89' lang='lat' dir='ltr'>etiarn</span> <span class='ocrx_word' id='word_1_203' title='bbox 272 2900 448 2960; x_wconf 90' lang='lat' dir='ltr'>immensum</span> <span class='ocrx_word' id='word_1_204' title='bbox 471 2897 551 2959; x_wconf 90' lang='lat' dir='ltr'>caelo</span> <span class='ocrx_word' id='word_1_205' title='bbox 573 2899 651 2959; x_wconf 89' lang='lat' dir='ltr'>venit</span> <span class='ocrx_word' id='word_1_206' title='bbox 672 2916 776 2977; x_wconf 88' lang='lat' dir='ltr'>agmen</span> <span class='ocrx_word' id='word_1_207' title='bbox 800 2915 950 2976; x_wconf 86' lang='lat' dir='ltr'>aquarum,</span> 
     </span>
     <span class='ocr_line' id='line_1_33' title="bbox 55 2982 886 3062; baseline -0.005 -18"><span class='ocrx_word' id='word_1_208' title='bbox 55 2990 84 3044; x_wconf 91' lang='grc'>00</span> <span class='ocrx_word' id='word_1_209' title='bbox 105 2984 221 3045; x_wconf 90' lang='lat' dir='ltr'>loedam</span> <span class='ocrx_word' id='word_1_210' title='bbox 243 2984 406 3060; x_wconf 87' lang='lat' dir='ltr'>glomerant</span> <span class='ocrx_word' id='word_1_211' title='bbox 428 2989 628 3062; x_wconf 87' lang='lat' dir='ltr'>tempestatem</span> <span class='ocrx_word' id='word_1_212' title='bbox 652 2982 795 3042; x_wconf 89' lang='lat' dir='ltr'>imbribus</span> <span class='ocrx_word' id='word_1_213' title='bbox 818 2982 886 3041; x_wconf 90' lang='lat' dir='ltr'>atris</span> 
     </span>
     <span class='ocr_line' id='line_1_34' title="bbox 55 3066 806 3135; baseline 0.007 -9"><span class='ocrx_word' id='word_1_214' title='bbox 55 3066 193 3129; x_wconf 89' lang='lat' dir='ltr'>collectae</span> <span class='ocrx_word' id='word_1_215' title='bbox 216 3087 249 3128; x_wconf 82' lang='lat' dir='ltr'>er</span> <span class='ocrx_word' id='word_1_216' title='bbox 273 3067 330 3128; x_wconf 92' lang='lat' dir='ltr'>alto</span> <span class='ocrx_word' id='word_1_217' title='bbox 353 3066 461 3135; x_wconf 90' lang='lat' dir='ltr'>nubes;</span> <span class='ocrx_word' id='word_1_218' title='bbox 484 3067 543 3126; x_wconf 90' lang='lat' dir='ltr'>ruit</span> <span class='ocrx_word' id='word_1_219' title='bbox 565 3066 673 3127; x_wconf 90' lang='lat' dir='ltr'>arduus</span> <span class='ocrx_word' id='word_1_220' title='bbox 696 3067 806 3130; x_wconf 82' lang='lat' dir='ltr'>aether,</span> 
     </span>
     <span class='ocr_line' id='line_1_35' title="bbox 55 3147 1064 3229; baseline 0 -19"><span class='ocrx_word' id='word_1_221' title='bbox 55 3157 83 3210; x_wconf 89' lang='lat' dir='ltr'>et</span> <span class='ocrx_word' id='word_1_222' title='bbox 104 3147 201 3227; x_wconf 83' lang='lat' dir='ltr'>pluvia</span> <span class='ocrx_word' id='word_1_223' title='bbox 222 3152 329 3229; x_wconf 89' lang='lat' dir='ltr'>ingenti</span> <span class='ocrx_word' id='word_1_224' title='bbox 352 3159 412 3211; x_wconf 92' lang='lat' dir='ltr'>sata</span> <span class='ocrx_word' id='word_1_225' title='bbox 435 3149 508 3210; x_wconf 85' lang='lat' dir='ltr'>laets</span> <span class='ocrx_word' id='word_1_226' title='bbox 531 3149 679 3228; x_wconf 91' lang='lat' dir='ltr'>boumque</span> <span class='ocrx_word' id='word_1_227' title='bbox 701 3149 817 3209; x_wconf 92' lang='lat' dir='ltr'>labores</span> <span class='ocrx_word' id='word_1_228' title='bbox 1011 3157 1064 3210; x_wconf 72' lang='lat'>325</span> 
     </span>
     <span class='ocr_line' id='line_1_36' title="bbox 55 3232 927 3312; baseline -0.003 -20"><span class='ocrx_word' id='word_1_229' title='bbox 55 3232 153 3302; x_wconf 91' lang='lat' dir='ltr'>diluit;</span> <span class='ocrx_word' id='word_1_230' title='bbox 177 3233 334 3312; x_wconf 92' lang='lat' dir='ltr'>implentur</span> <span class='ocrx_word' id='word_1_231' title='bbox 356 3235 450 3294; x_wconf 84' lang='lat' dir='ltr'>fossae</span> <span class='ocrx_word' id='word_1_232' title='bbox 474 3240 502 3294; x_wconf 92' lang='lat' dir='ltr'>et</span> <span class='ocrx_word' id='word_1_233' title='bbox 525 3252 592 3293; x_wconf 86' lang='lat' dir='ltr'>cava</span> <span class='ocrx_word' id='word_1_234' title='bbox 616 3232 734 3292; x_wconf 90' lang='lat' dir='ltr'>llumina</span> <span class='ocrx_word' id='word_1_235' title='bbox 758 3239 893 3292; x_wconf 90' lang='lat' dir='ltr'>crescunt</span> <span class='ocrx_word' id='word_1_236' title='bbox 926 3286 927 3289; x_wconf 74' lang='grc'>,</span> 
     </span>
     <span class='ocr_line' id='line_1_37' title="bbox 55 3314 855 3394; baseline -0.004 -18"><span class='ocrx_word' id='word_1_237' title='bbox 55 3334 122 3376; x_wconf 88' lang='lat' dir='ltr'>curn</span> <span class='ocrx_word' id='word_1_238' title='bbox 144 3318 240 3377; x_wconf 93' lang='lat' dir='ltr'>sonitu</span> <span class='ocrx_word' id='word_1_239' title='bbox 262 3319 411 3394; x_wconf 85' lang='lat' dir='ltr'>fervetque</span> <span class='ocrx_word' id='word_1_240' title='bbox 434 3315 515 3377; x_wconf 89' lang='lat' dir='ltr'>ir&#39;etis</span> <span class='ocrx_word' id='word_1_241' title='bbox 538 3314 715 3394; x_wconf 91' lang='lat' dir='ltr'>spirantibus</span> <span class='ocrx_word' id='word_1_242' title='bbox 737 3332 855 3392; x_wconf 88' lang='lat' dir='ltr'>aequor.</span> 
     </span>
     <span class='ocr_line' id='line_1_38' title="bbox 54 3398 830 3476; baseline -0.003 -19"><span class='ocrx_word' id='word_1_243' title='bbox 54 3398 116 3476; x_wconf 91' lang='lat' dir='ltr'>ipse</span> <span class='ocrx_word' id='word_1_244' title='bbox 138 3406 221 3476; x_wconf 89' lang='lat' dir='ltr'>pater</span> <span class='ocrx_word' id='word_1_245' title='bbox 243 3402 337 3460; x_wconf 91' lang='lat' dir='ltr'>media</span> <span class='ocrx_word' id='word_1_246' title='bbox 360 3400 526 3460; x_wconf 92' lang='lat' dir='ltr'>nimborum</span> <span class='ocrx_word' id='word_1_247' title='bbox 549 3401 579 3458; x_wconf 96' lang='lat' dir='ltr'>in</span> <span class='ocrx_word' id='word_1_248' title='bbox 601 3405 686 3458; x_wconf 90' lang='lat' dir='ltr'>nocte</span> <span class='ocrx_word' id='word_1_249' title='bbox 709 3415 830 3458; x_wconf 89' lang='lat' dir='ltr'>corusca</span> 
     </span>
     <span class='ocr_line' id='line_1_39' title="bbox 55 3478 800 3562; baseline -0.001 -22"><span class='ocrx_word' id='word_1_250' title='bbox 55 3480 175 3540; x_wconf 77' lang='lat' dir='ltr'>fulmina</span> <span class='ocrx_word' id='word_1_251' title='bbox 184 3478 315 3543; x_wconf 75' lang='lat' dir='ltr'>&#39;molitur</span> <span class='ocrx_word' id='word_1_252' title='bbox 338 3483 456 3542; x_wconf 80' lang='lat' dir='ltr'>dextra:</span> <span class='ocrx_word' id='word_1_253' title='bbox 481 3501 538 3562; x_wconf 93' lang='lat' dir='ltr'>quo</span> <span class='ocrx_word' id='word_1_254' title='bbox 561 3498 696 3541; x_wconf 86' lang='lat' dir='ltr'>maxuma</span> <span class='ocrx_word' id='word_1_255' title='bbox 719 3487 800 3540; x_wconf 91' lang='lat' dir='ltr'>motu</span> 
     </span>
     <span class='ocr_line' id='line_1_40' title="bbox 140 3578 913 3633; baseline 0 -11"><span class='ocrx_word' id='word_1_256' title='bbox 140 3589 273 3630; x_wconf 69' lang='lat' dir='ltr'>cresccre.</span> <span class='ocrx_word' id='word_1_257' title='bbox 297 3588 410 3622; x_wconf 74' lang='lat' dir='ltr'>venum.</span> <span class='ocrx_word' id='word_1_258' title='bbox 892 3578 913 3633; x_wconf 81' lang='grc'>3</span> 
     </span>
    </p>
   </div>
   <div class='ocr_carea' id='block_1_3' title="bbox 0 0 1204 3878">
    <p class='ocr_par' dir='ltr' id='par_1_3' title="bbox 0 0 1204 3878">
     <span class='ocr_line' id='line_1_41' title="bbox 0 0 1204 3878; baseline 0 0"><span class='ocrx_word' id='word_1_259' title='bbox 0 0 1204 3878; x_wconf 95' lang='lat' dir='ltr'> </span> 
     </span>
    </p>
   </div>
  </div>
 </body>
</html>
