2400 3878
374 229 518 278 1111101
539 227 741 302 1101110011
762 229 774 276 1
1036 215 1075 278 tt

72 384 287 463 arboribusque
309 384 436 462 satisque
457 389 544 444 notus
564 383 722 461 pecorique
744 383 867 444 sinister.

73 475 123 530 aut
144 467 195 529 ubi
216 467 270 528 sub
293 465 389 528 lucem
411 467 500 527 densa
521 467 597 526 inter
618 464 717 527 nubila
738 482 803 527 sese
1025 477 1076 531 445

74 552 181 612 divorsi
203 557 340 628 rumpent
362 550 450 619 radii,
474 556 524 610 aut
544 548 595 610 ubi
616 549 722 627 pallida
744 558 845 627 surget

73 635 189 695 Tithoni
211 653 349 695 croceum
370 633 506 712 linquens
526 633 640 693 Aurora
662 631 766 703 cubile,

74 717 132 778 beu
153 717 312 779 maletum
334 718 410 777 mitis
432 716 569 778 defendet
589 717 744 794 pampinus
766 733 850 777 uvas:

74 809 133 862 tam
155 801 245 863 multa
265 803 295 861 in
317 802 400 862 tectis
423 802 568 879 crepitans
590 798 655 860 salit
676 799 796 859 horrida
818 801 939 877 grando.

73 885 130 944 lroc
153 886 253 954 etiam,
278 902 397 946 emenso
420 902 486 945 curn
509 885 566 944 iam
588 883 703 944 decedit
724 881 856 961 Olympo,

73 967 219 1045 profuerit
239 970 405 1030 meminisse
427 969 534 1046 magis;
557 984 626 1028 narn
647 983 735 1044 saepe
756 966 887 1028 videmus

73 1053 164 1130 ipsius
187 1053 215 1110 in
237 1051 316 1112 voltu
339 1053 433 1112 varios
455 1068 556 1112 errare
578 1049 707 1111 colores:

75 1134 227 1196 caeruleus
248 1134 375 1214 pluviam
398 1135 563 1204 denuntiat,
587 1136 691 1210 igneus
713 1151 815 1203 euros;

74 1218 118 1278 sin
142 1218 273 1280 maculae
296 1220 434 1297 incipient
455 1218 542 1280 rutilo
564 1218 744 1278 inmiscerier
766 1219 834 1294 igni,

76 1303 171 1361 omnia
193 1310 255 1362 tum
277 1305 386 1380 pariter
407 1310 494 1363 vento
515 1302 679 1380 nimbisque
702 1300 812 1361 videbis

75 1384 198 1445 fervere.
235 1403 295 1444 non
318 1385 364 1446 illa
388 1387 541 1464 quisquam
563 1404 610 1445 me
632 1391 717 1445 nocte
739 1402 793 1461 per
814 1383 903 1445 altum

74 1468 118 1528 ire
139 1485 236 1545 neque
258 1486 273 1528 a
294 1475 374 1528 terra
396 1474 510 1528 moveat
531 1467 696 1528 convellere
718 1468 826 1526 funem.

76 1557 104 1611 at
126 1553 168 1620 si,
191 1569 259 1610 cum
280 1551 447 1629 referetque
469 1550 545 1611 diem
569 1549 732 1627 condetque
754 1547 887 1620 relatum,

71 1631 189 1695 lucidus
213 1634 292 1694 orbis
315 1635 384 1704 erit,
407 1634 516 1694 frustra
537 1632 689 1694 terrebere
711 1631 826 1701 nimbis,

76 1724 104 1778 et
127 1717 206 1778 claro
228 1718 313 1778 silvas
335 1734 438 1778 cernes
460 1717 595 1795 aquilone
616 1718 735 1776 moveri.

43 1776 205 1879 'denique
224 1802 293 1879 quid
315 1819 419 1879 vesper
440 1818 524 1862 serus
546 1800 644 1869 vebat,
668 1799 746 1860 unde
768 1817 886 1860 serenas

77 1891 179 1944 ventus
200 1891 266 1962 agat
286 1884 396 1954 nubes,
420 1884 488 1963 quid
511 1886 617 1961 cogitet
637 1882 753 1944 umidus
775 1889 882 1954 auster,

75 1965 119 2027 sol
140 1967 193 2027 tibi
214 1970 295 2044 signa
318 1968 405 2029 dabit.
443 1966 542 2028 Solem
564 1969 628 2045 quis
650 1967 748 2027 dicere
770 1965 874 2027 falsum

77 2050 198 2110 audeat?
234 2051 281 2112 ille
304 2053 389 2112 etiam
413 2069 515 2112 caecos
536 2053 645 2111 instare
666 2048 808 2110 tumultus

76 2150 163 2211 saepe
184 2142 284 2196 monet
306 2135 498 2213 fraudemque
520 2142 550 2195 et
570 2140 671 2213 operta
693 2140 857 2194 tumescere
878 2132 963 2194 bella.
1029 2145 1079 2199 465
1168 2205 1171 2211 .

75 2215 123 2277 ille
146 2219 231 2278 etiam
254 2219 380 2279 extincto
402 2219 556 2280 miseratus
578 2217 701 2279 Caesare
722 2216 855 2286 Romam,
882 2240 886 2247 ·

76 2317 143 2361 cum
166 2309 253 2378 caput
274 2301 399 2362 obscura
421 2303 545 2362 nitidum
566 2302 715 2377 ferrugine
736 2301 817 2368 texit,

76 2384 221 2461 impiaque
243 2391 392 2446 aeternam
413 2387 574 2446 timuerunt
596 2383 710 2445 saecula
733 2389 858 2443 noctem.

76 2475 208 2543 tempore
231 2486 407 2546 quamquam
430 2468 477 2527 illo
499 2467 585 2527 tellus
607 2484 724 2546 quoque
747 2472 776 2525 et
798 2483 925 2544 aequora
947 2468 1028 2543 ponti

77 2548 280 2626 obscenaeque
303 2567 390 2610 canes
411 2551 654 2627 importunaeque
675 2546 809 2608 volucres
1030 2558 1081 2612 470

76 2631 158 2706 signa
181 2631 297 2691 dabant.
343 2633 477 2710 quotiens
499 2631 656 2709 Cyclopum
678 2631 818 2691 effervere
839 2631 869 2690 in
890 2648 976 2708 agros

76 2714 200 2774 vidimus
221 2715 379 2776 undantem
402 2716 495 2791 ruptis
517 2714 684 2775 fornacibus
704 2713 835 2782 Aetnam,

77 2797 321 2877 flammarumque
343 2797 446 2878 globos
467 2797 680 2876 liquefactaque
701 2796 817 2857 volvere
839 2799 923 2857 saxa!

76 2899 226 2942 armorum
249 2884 375 2943 sonitum
396 2887 458 2942 toto
481 2882 635 2944 Germania
658 2880 738 2942 caelo

76 2965 179 3034 audiit,
204 2964 324 3026 insubtis
346 2972 532 3027 tremuerunt
553 2965 681 3027 motibus
702 2963 797 3043 illpes.
1031 2973 1080 3028 475

76 3066 131 3108 vox
153 3067 270 3127 quoque
291 3067 344 3128 per
366 3048 448 3111 lucos
464 3047 555 3127 'volgo
577 3049 710 3110 exaudita
732 3047 842 3107 silentis

76 3133 196 3210 ingens,
220 3139 249 3193 et
270 3131 425 3194 simulacra
447 3133 541 3192 modis
563 3132 699 3209 pallentia
721 3130 803 3190 miris

74 3217 135 3275 visa
157 3215 211 3276 sub
234 3216 393 3278 obscurum
415 3217 523 3285 noetio,
546 3216 732 3293 pecudesque
753 3213 878 3290 locutae,

73 3300 254 3376 (infandumi)
264 3302 371 3362 sistunt
389 3317 490 3360 amnes
511 3306 667 3377 terraeque
689 3296 851 3364 dehiscunt,

76 3388 105 3442 et
127 3389 270 3443 maestum
290 3384 453 3445 inlacrimat
475 3382 589 3460 templis
612 3383 686 3442 ebur
708 3397 834 3456 aerarpre
856 3378 969 3439 sudant.
1030 3389 1081 3441 48⁰

75 3465 185 3542 proluit
205 3466 307 3526 insano
330 3473 527 3543 contorquens
548 3466 656 3526 vertice
678 3463 762 3524 silvas
