2400 3878
141 198 202 258 336
453 206 594 252 vnnouu
618 205 742 250 annuis
766 205 815 250 xn

141 381 227 441 quam
248 369 369 440 propter
387 371 481 419 tantos
500 359 580 436 potui
600 360 733 437 perferre
755 358 880 425 labores,

141 453 171 507 et
194 453 276 523 pater
299 447 482 521 omnipotens
504 451 532 502 et
554 451 584 501 tu
607 441 741 501 Saturnia
764 444 889 501 coniunx

141 528 208 607 (iam
229 527 342 595 melior,
363 529 429 596 iam,
452 527 526 593 diva,
548 531 674 601 precor),
697 534 788 601 tuque
808 524 915 585 inclute
935 523 1059 589 Mavors,

142 620 245 672 cuncta
265 618 315 670 tuo
339 613 390 687 qul
411 609 496 676 bella,
519 617 610 685 pater.
633 608 687 666 snb
710 609 829 668 numine
848 617 982 685 torquem
1096 612 1150 668 180

140 695 287 770 fontisque
308 693 468 771 fluviosque
490 710 572 760 voco,
594 709 726 770 quaeque
745 692 872 752 aetheris
893 691 941 749 alti

141 778 243 856 religio
265 787 293 837 et
312 795 386 854 quae
408 775 541 837 caeruleo
563 781 630 833 sunt
653 777 769 834 numina
792 784 899 853 ponto:

142 862 261 921 cesserit
282 860 409 920 Ausonio
431 861 456 920 sl
477 859 537 918 fors
560 860 679 918 victoria
700 858 810 926 Turno,

142 946 277 1004 convenit
299 944 428 1003 Euandri
449 945 540 1001 victos
562 941 713 1001 discedere
734 941 770 1000 ad
792 941 906 1009 urbem,
938 1004 943 1017 ⁸

142 1028 226 1087 cedet
250 1025 328 1086 lulus
345 1028 432 1103 agris,
455 1043 510 1085 nec
531 1033 699 1101 postarma
719 1023 778 1083 ulla
797 1023 921 1085 rebelles

141 1110 293 1170 Aeneadae
314 1109 443 1170 referent
461 1109 577 1168 ferrove
599 1109 671 1167 haec
693 1126 782 1185 regna
803 1108 946 1168 lacessent

141 1196 186 1252 sin
209 1202 342 1253 nostrum
363 1193 496 1252 adnuerit
517 1190 602 1251 nobis
623 1191 749 1251 Victoria
771 1193 893 1252 lllartem

143 1278 185 1351 (ut
202 1277 297 1354 potius
320 1294 388 1335 reor
411 1284 438 1334 et
461 1277 556 1352 potius
575 1275 604 1334 di
625 1275 743 1335 numine
766 1277 902 1353 firment),

143 1378 201 1418 non
219 1377 273 1437 ego
294 1377 349 1419 nec
370 1359 493 1419 Teucris
514 1357 601 1418 ltalos
621 1377 726 1435 parere
746 1358 853 1419 iubebo

142 1462 198 1504 nec
216 1442 286 1502 mibi
307 1459 398 1521 regna
418 1450 501 1520 peto:
525 1442 646 1518 paribus
668 1461 699 1501 se
719 1441 832 1518 legibus
851 1441 954 1502 ambae

142 1528 267 1587 invictae
288 1535 388 1605 gentes
405 1535 523 1586 aeterna
545 1527 574 1585 iu
595 1526 713 1585 foedera
735 1527 859 1586 mittant.

143 1628 226 1670 sacra
249 1610 377 1688 deosque
397 1610 486 1674 dabo:
509 1627 593 1669 socer
614 1628 694 1669 arma
715 1609 834 1669 Latinus
856 1608 972 1675 habeto,

142 1695 297 1772 imperium
320 1692 460 1754 sollemne
478 1711 578 1759 socer:
600 1693 671 1752 mibi
693 1696 806 1753 moenia
827 1693 935 1753 Teucri

144 1779 327 1836 constituent.
352 1776 477 1854 urbique
496 1776 576 1836 dabit
596 1776 712 1835 Lavinia
730 1777 858 1837 nomen'

143 1861 185 1917 sic
206 1861 286 1937 prior
307 1862 433 1927 Aeneam
458 1860 589 1937 seqnitur
611 1861 654 1919 sic
675 1858 779 1919 deinde
798 1861 916 1920 Latinus

144 1944 305 2019 dispiciens
327 1942 439 2003 caelum
462 1942 612 2018 tenditque
632 1942 668 2001 ad
688 1943 782 2001 sidera
805 1943 951 2002 dextram:

145 2027 232 2085 ‘baec
254 2027 365 2092 eadem,
384 2028 489 2092 Aenea,
512 2035 621 2085 terram
643 2043 725 2084 mare
745 2026 841 2086 sidera
861 2027 926 2085 iuro

146 2109 329 2186 Latonaeque
348 2127 439 2186 genus
462 2109 567 2186 duplex
585 2107 745 2185 lanumque
767 2108 923 2169 bifrontem

146 2193 260 2268 vimque
283 2193 370 2252 deum
391 2193 534 2250 infernam
558 2198 586 2250 et
608 2191 672 2250 duri
692 2194 818 2251 sacraria
841 2193 928 2259 Ditis;

146 2276 243 2335 audiat
262 2276 334 2335 baec
356 2277 479 2351 genitor,
502 2278 551 2351 qui
571 2275 687 2334 foedera
711 2275 831 2337 fulmine
852 2277 953 2336 sancit.

145 2368 231 2434 tango
254 2376 329 2428 aras,
354 2357 464 2417 medios
486 2359 560 2435 ignis
584 2369 612 2418 ct
634 2360 752 2419 numina
774 2367 881 2420 testor:
994 2418 996 2423 ,

145 2442 221 2502 nulla
247 2442 309 2502 dies
332 2459 434 2520 pacem
458 2442 532 2501 banc
556 2441 631 2501 ltalis
652 2461 707 2503 nec
730 2444 847 2504 foedera
870 2451 995 2521 rumpet,

143 2522 216 2605 [quo
232 2545 280 2586 res
295 2544 422 2604 cumque
443 2526 561 2593 cadent:
583 2544 638 2585 nec
661 2545 708 2588 mc
729 2530 769 2587 vis
790 2527 847 2588 ulla
871 2526 1014 2587 volentem

145 2617 265 2676 avertet,
287 2627 353 2677 non,
374 2611 399 2669 sl
418 2608 551 2670 tellurem
574 2610 703 2671 effundat
723 2613 752 2670 in
775 2612 867 2672 undas

147 2691 253 2752 diluvio
276 2694 401 2753 miscens
423 2692 593 2771 caelumque
616 2695 644 2755 in
665 2694 786 2756 Tartara
809 2691 930 2771 solvat;]
1099 2703 1155 2757 200

146 2783 179 2835 ut
199 2784 348 2853 sceptrum
369 2775 438 2837 hoc'
463 2777 573 2853 (dextra
595 2785 744 2854 sceptrum
765 2796 832 2838 nam
855 2780 931 2838 forte
952 2776 1085 2857 gerebat)

148 2866 322 2934 ‘numquam
344 2857 447 2920 fronde
468 2861 521 2920 levi
544 2860 645 2920 fundet
666 2861 789 2936 virgulta
812 2880 866 2922 nec
886 2859 1015 2930 umbras,

148 2959 214 3000 cum
235 2942 324 3002 semel
343 2944 372 3001 in
389 2942 465 3001 silvis
488 2944 545 3002 imo
568 2942 604 3002 de
626 2946 716 3018 stirpe
736 2946 862 3004 recisum

148 3030 240 3083 matre
266 3032 347 3084 caret
368 3026 522 3101 posuitque
544 3043 642 3085 comas
668 3034 697 3086 et
718 3025 854 3088 bracchia
879 3029 965 3095 ferro,

149 3105 217 3166 olim
239 3107 335 3176 arbos,
357 3123 435 3167 nunc
456 3108 573 3168 artificis
595 3126 699 3168 manus
721 3128 788 3169 aere
809 3111 917 3172 decoro
1102 3123 1157 3178 ²1⁰

149 3191 264 3250 inclusit
284 3189 474 3268 patribusque
496 3192 574 3252 dedit
596 3200 709 3268 gestare
730 3194 858 3254 Latinis!

148 3274 253 3334 talibus
274 3276 348 3335 inter
369 3293 400 3336 se
422 3275 576 3336 firmabant
594 3276 711 3337 foedera
734 3277 817 3336 dictis

149 3367 305 3435 conspectu
322 3362 351 3419 in
375 3359 470 3419 medio
492 3378 658 3438 procerum.
695 3370 754 3421 tum
776 3363 830 3421 rite
852 3371 978 3420 sacratas

149 3442 177 3500 in
199 3441 344 3502 flammam
370 3443 500 3519 iugulant
523 3445 651 3522 pecudes
671 3454 700 3504 et
727 3447 837 3504 viscera
859 3447 928 3504 viris
