2400 3878
141 193 203 255 254
456 203 601 252 venenu
616 202 741 252 anunm
760 203 823 250 vrn

143 369 206 423 rota
228 368 308 422 motu
331 358 482 439 duplicant
497 366 614 428 matres,
637 359 817 439 propiusque
838 358 949 438 periclo

140 448 162 508 it
180 446 276 516 timor,
299 453 329 506 et
348 445 441 505 maior
463 443 563 504 Martis
584 443 642 502 iam
662 450 784 521 apparot
807 445 913 521 imago.

140 540 203 592 tum
219 536 303 609 pater
325 528 479 588 Euandrus
501 527 633 588 dextram
655 526 825 605 complexus
846 526 942 587 euntis

142 614 251 685 haeret,
274 611 437 689 inexpletus
458 610 623 680 lacrimans,
646 627 680 670 ac
702 609 769 671 talia
791 610 882 672 latur:

142 707 174 757 ‘o
193 696 266 758 milri
285 696 459 775 praeteritos
480 694 590 756 reserat
611 694 636 754 si
656 693 787 773 luppiter
806 711 908 763 annos,

141 780 233 860 qualis
255 798 346 850 eram,
369 797 436 840 oum
457 778 581 857 primam
605 778 697 838 aciem
719 779 876 839 Praeneste
897 777 952 838 auh
973 778 1035 856 ipsa

141 866 230 926 stravi
247 872 457 943 scutorumque
479 862 597 923 incendi
617 862 709 922 victor
731 880 851 922 acervos

142 956 171 1010 ot
194 963 295 1024 regem
317 947 372 1007 hac
392 945 515 1007 Erulum
537 946 639 1007 dextra
659 944 714 1007 sub
734 945 857 1007 Tartara
879 947 953 1014 misi,

142 1031 271 1092 nascenti
293 1032 340 1091 cui
361 1033 414 1091 tris
436 1032 547 1092 auintas
568 1030 692 1091 Feronia
714 1039 808 1090 mater

142 1114 334 1194 (horrendum
351 1113 443 1187 dictu)
461 1114 583 1175 dederat
600 1115 692 1193 (terna
713 1131 794 1174 arma
817 1114 967 1183 movenda,

141 1205 187 1260 ter
209 1199 280 1260 Leto
302 1199 477 1259 sternendus
497 1206 575 1265 erat;
598 1199 730 1259 cultum
752 1205 850 1259 tamen
870 1198 965 1258 omnis

142 1281 261 1344 abstulit
280 1282 352 1343 haec
374 1282 485 1343 animas
507 1280 608 1341 dextra
631 1288 659 1342 et
680 1281 800 1341 totidem
821 1282 899 1342 eruit
921 1281 1034 1360 armis):

142 1384 202 1427 uon
223 1384 277 1445 ego
297 1383 377 1427 nunc
398 1365 475 1426 dulci
496 1363 633 1443 amplexu
655 1363 807 1426 divellerer
830 1382 963 1444 usquam,

143 1459 219 1521 uate,
241 1457 302 1519 tuo,
324 1467 420 1530 nequo
441 1450 580 1510 finitimos
601 1449 758 1511 Mezentius
778 1467 917 1529 umquam

142 1533 212 1595 huic
232 1535 318 1614 capiti
337 1534 479 1595 insultans
503 1542 546 1594 tot
568 1534 647 1595 ferro
670 1552 755 1594 saeva
777 1533 904 1594 dedisset

143 1618 254 1689 lunera,
277 1627 336 1678 tam
358 1617 457 1679 multis
475 1619 620 1679 viduasset
640 1617 749 1678 civibus
770 1617 884 1678 urbem.

142 1708 251 1769 atros,
274 1719 291 1760 o
313 1703 422 1781 superi,
446 1711 475 1762 et
496 1702 592 1763 divom
616 1709 648 1761 tu
666 1719 802 1763 maxume
823 1708 921 1761 rector

140 1785 280 1864 luppiter,
300 1785 425 1853 Arcadii,
447 1803 565 1864 quaeso,
587 1787 766 1845 miserescite
784 1786 862 1862 regis

142 1875 171 1929 et
193 1869 303 1946 patrias
325 1869 422 1928 audite
439 1885 552 1947 preces.
588 1869 612 1927 si
635 1869 755 1927 numina
777 1874 882 1927 vestra·

141 1950 319 2012 incolumem
340 1950 471 2011 Pallanta
490 1951 571 2020 mihi,
593 1952 618 2010 si
639 1948 698 2010 fata
716 1956 877 2019 reservant,

141 2036 165 2096 si
185 2035 300 2096 visurus
321 2052 388 2096 eum
410 2036 474 2094 vivo
497 2042 526 2095 et
548 2042 689 2094 venturus
709 2034 740 2093 ln
761 2051 866 2093 unum:

142 2120 228 2179 vitam
249 2136 311 2188 oro,
334 2118 429 2196 patior
448 2118 579 2196 quemvis
595 2118 703 2178 durare
721 2117 863 2178 laborem.

142 2204 187 2263 sin
208 2201 335 2283 aliquem
357 2201 510 2262 infandum
528 2219 637 2270 casum,
661 2201 800 2270 Fortuna,
824 2201 959 2261 minaris:

142 2305 229 2356 nunc,
253 2303 366 2348 cnunc
386 2285 471 2347 liceat
492 2284 641 2346 crudelem
662 2284 839 2364 abrumpere
859 2287 954 2354 vitam,

143 2371 212 2431 dum
229 2386 318 2432 curae
337 2369 499 2447 ambiguae,
522 2368 593 2430 dum
613 2388 682 2448 spes
702 2371 812 2431 incerta
833 2369 933 2438 futuri,

143 2455 211 2516 dum
233 2460 271 2523 te,
294 2472 363 2516 care
383 2472 467 2534 puer,
490 2472 555 2516 mea
573 2471 638 2516 sera
659 2462 687 2516 et
707 2453 769 2515 sola
789 2451 931 2532 voluptas,

143 2537 296 2618 complexu
317 2547 412 2608 teneo,
434 2540 550 2617 gravior
571 2557 628 2600 neu
650 2540 769 2601 nuntius
789 2539 867 2599 auris

143 2620 292 2684 volueret!
327 2623 400 2685 haec
421 2625 537 2700 genitor
559 2622 693 2701 digressu
716 2624 791 2684 dicta
813 2637 953 2700 supremo

143 2706 296 2768 tundebat:
320 2704 421 2768 famuli
441 2706 611 2786 conlapsum
629 2709 658 2769 in
678 2714 754 2769 tecta
777 2704 918 2767 forebant.

183 2790 303 2866 lamque
323 2789 396 2851 adeo
416 2790 526 2851 exierat
545 2791 638 2870 portis
658 2791 803 2867 equitatus
824 2788 941 2865 apertis,

143 2873 253 2933 deneas
274 2872 350 2931 inter
372 2873 484 2949 primos
508 2883 536 2933 et
557 2873 631 2933 fidus
652 2872 785 2939 Achates,

142 2954 210 3017 lude
232 2954 280 3016 alii
297 2953 403 3014 Troiae
424 2971 573 3031 proceres,
595 2956 659 3033 lpse
680 2955 796 3031 agmine
814 2948 908 3013 Pallas

141 3040 172 3101 in
190 3039 296 3109 medio,
314 3035 466 3116 chlamyde
485 3045 514 3097 et
536 3037 621 3115 pictis
642 3045 816 3115 conspectus
834 3034 864 3094 in
885 3033 989 3093 armis:

142 3122 235 3202 qualis
256 3121 308 3185 ubi
329 3119 438 3182 Oceani
456 3118 593 3197 perinsus
611 3119 727 3180 Lucifer
746 3119 833 3186 unda,

143 3225 230 3286 quern
251 3207 349 3267 Venus
370 3209 437 3265 ante
458 3201 530 3264 alios
551 3211 699 3264 astrorum
721 3200 814 3279 diligit
835 3201 918 3278 ignis,

143 3289 245 3352 extulit
263 3307 297 3351 os
316 3306 433 3350 sacrum
451 3287 532 3349 caelo
550 3287 745 3366 tenebrasque
764 3284 890 3346 resolvit.

143 3379 219 3435 stant
239 3373 359 3453 pavidae
379 3373 410 3434 iu
428 3373 520 3434 muris
536 3381 644 3433 matres
666 3369 815 3451 oculisque
837 3376 978 3431 secuntur

212 3473 310 3519 croam
329 3456 439 3520 nubem
460 3463 488 3518 ot
506 3456 641 3536 fulgentis
662 3474 729 3517 aere
751 3462 890 3519 catervas.
