2400 3878
139 190 200 253 38⁴
458 202 488 250 r.
510 198 655 247 vesona
676 196 831 246 unacum

138 370 169 419 et
190 356 326 438 producit
347 375 401 417 acu
423 364 544 433 stuppas
564 371 669 414 umore
692 359 826 413 carentes

138 445 246 503 excitat
267 449 296 500 et
318 440 432 501 crebris
453 438 640 516 languentem
663 436 779 497 flatibus
800 438 909 513 ignem.

139 525 257 585 tandem
279 533 422 604 concepto
446 521 584 582 tenebrae
607 520 721 598 fulgore
742 519 899 588 recedunt:

137 609 330 688 oppositaque
352 625 441 668 manu
463 606 562 666 lumen
586 604 716 664 defendit
738 603 774 663 ab
798 621 868 663 aura

139 700 168 752 et
189 700 303 752 reserat
325 690 416 751 cellae
438 707 513 768 quae
535 687 667 768 pervidet
690 689 763 748 ostia
785 687 867 747 clavi.

138 777 219 836 fusus
241 785 305 834 erat
325 782 405 834 terra
427 774 568 834 frumenti
589 790 701 852 pauper
723 789 858 831 acervus:

139 859 208 918 binc
230 858 287 918 sibi
309 857 456 937 depromit
478 865 619 935 quantum
641 873 779 915 mensura
801 854 928 932 patebat,

117 960 212 1021 quae
234 941 330 1001 bisin
355 950 475 1001 octonas
497 940 626 1000 excurrit
647 938 778 1019 pondere
800 937 899 999 libras.

179 1024 251 1085 lnde
273 1024 334 1084 abit
355 1023 525 1102 adsistitque
547 1021 641 1082 molae
663 1040 810 1102 parvaque
831 1021 945 1093 tabella,

138 1126 226 1186 quam
249 1109 336 1167 fixam
360 1109 458 1186 paries
480 1106 546 1167 illos
568 1106 702 1166 servabat
722 1108 753 1165 in
775 1125 854 1174 usus,

137 1189 248 1251 lumina
271 1191 328 1250 fida
350 1190 441 1258 locat;
465 1191 598 1266 geminos
620 1198 681 1250 tum
706 1197 783 1250 veste
806 1189 931 1250 lacertos
1011 1263 1013 1266 Α

138 1273 244 1334 liberat
265 1284 294 1334 et
315 1276 428 1334 cinctus
450 1273 568 1333 villosae
590 1275 719 1351 tegmine
741 1291 848 1352 caprae

138 1359 300 1437 praeverrit
322 1358 414 1418 cauda
436 1357 532 1418 silices
554 1361 758 1436 gremiumque
780 1357 933 1417 molarum.

138 1443 260 1502 advocat
280 1441 349 1502 inde
372 1460 476 1502 manus
499 1445 594 1521 operi,
618 1444 742 1521 partitus
764 1443 925 1519 utrimque:

139 1524 219 1584 laeva
241 1527 419 1595 ministerio,
443 1525 545 1585 dextra
569 1533 613 1585 est
633 1527 747 1584 intenta
768 1523 871 1584 labori.

138 1608 211 1668 haec
233 1617 310 1669 rotat
332 1609 486 1669 adsiduum
509 1610 587 1687 gyris
610 1617 639 1668 et
661 1609 788 1667 concitat
810 1608 912 1667 orbem

138 1690 234 1766 (tunsa
256 1711 339 1752 ceres
360 1693 475 1753 silicum
497 1692 600 1770 rapido
623 1686 754 1751 decurrit
776 1690 812 1750 ab
834 1691 914 1770 ictu),

136 1776 285 1835 interdum
308 1777 403 1836 fessae
424 1776 555 1836 succedit
575 1775 656 1834 laeva
677 1776 773 1835 sorori

137 1857 320 1937 alternatque
344 1861 429 1918 vices.
452 1859 541 1918 modo
563 1860 670 1918 rustica
693 1860 824 1918 carmina
847 1866 944 1918 cantat

137 1943 303 2019 agrestique
325 1959 409 2002 suum
431 1940 541 2001 solatur
563 1959 633 2000 voce
655 1941 795 2009 laborem,

136 2023 285 2084 interdum
308 2024 415 2084 clamat
436 2023 588 2103 Scybalen.
613 2031 676 2083 erat
698 2027 782 2085 unica
805 2035 912 2095 custos,

137 2108 205 2167 Afra
227 2125 334 2184 genus,
356 2115 417 2167 tota
439 2109 563 2187 patriam
586 2116 710 2168 testante
732 2109 833 2184 figura,

137 2198 213 2250 torta
236 2209 350 2251 comam
372 2189 513 2270 labroque
535 2198 653 2250 tumens
675 2199 705 2250 et
725 2191 806 2251 fusca
829 2193 937 2262 colore,

136 2282 256 2354 pectore
278 2274 351 2345 lata,
374 2276 473 2336 iacens
495 2277 645 2343 mammis,
669 2278 866 2354 compressior
889 2276 960 2345 alvo,

137 2358 273 2418 cruribus
296 2357 392 2428 exilis,
416 2359 542 2438 spatiosa
564 2358 685 2436 prodiga
707 2359 816 2438 planta.

136 2438 300 2522 [continuis
321 2443 404 2502 rimis
426 2442 561 2503 calcanea
583 2445 673 2503 scissa
694 2441 854 2522 rigebant]

137 2526 212 2585 banc
234 2533 318 2585 vocat
339 2534 427 2604 atque
449 2546 551 2588 arsura
571 2529 647 2587 focis
667 2528 810 2606 inponere
831 2527 909 2604 ligna

137 2611 263 2686 imperat
284 2617 313 2668 et
335 2608 452 2669 flamma
474 2608 586 2686 gelidos
608 2609 726 2670 adolere
747 2609 886 2688 liquores.

177 2693 334 2771 Postquam
347 2692 479 2772 implevit
498 2711 571 2771 opus
592 2695 669 2753 iusto
692 2693 827 2754 versatile
848 2694 915 2764 line,

134 2776 277 2834 transfert
297 2776 366 2835 inde
388 2795 477 2837 manu
513 2777 593 2838 fusas
620 2779 652 2836 in
674 2776 772 2837 cribra
794 2778 903 2838 farinas

135 2867 165 2916 et
187 2860 294 2934 quatit,
317 2877 352 2917 ac
372 2867 526 2919 remanent
548 2879 663 2920 summo
684 2862 858 2938 purgamina
881 2862 967 2922 dorso

135 2939 260 3000 subsidit
281 2941 397 3001 sincera
419 2942 670 3021 foraminibusque
692 2943 820 3022 liquatur

135 3024 289 3083 emundata
312 3041 403 3083 ceres.
426 3024 482 3083 leri
503 3031 566 3084 tum
586 3028 721 3104 protinus
742 3026 821 3087 illam

133 3108 285 3186 componit
306 3106 420 3176 tabula,
443 3107 556 3186 tepidas
577 3127 666 3187 super
687 3111 795 3187 ingerit
817 3111 925 3181 undas;

135 3191 282 3251 contrabit
304 3191 447 3251 admixtos
468 3199 531 3251 tum
553 3191 650 3253 fontes
672 3201 759 3272 atque
780 3194 891 3254 farinas

135 3283 300 3334 transversa
323 3275 466 3354 duratque
488 3294 577 3336 manu
598 3276 767 3356 liquidoque
789 3286 890 3339 coacto

134 3358 282 3417 interdum
304 3376 425 3435 grumos
446 3361 558 3438 spargit
579 3360 649 3420 sale.
671 3363 788 3439 iamque
810 3363 962 3426 subactum

134 3438 211 3501 ierat
232 3459 306 3520 opus
327 3441 490 3522 palmisque
512 3461 598 3503 suum
621 3443 722 3504 dilatat
743 3448 774 3504 in
797 3446 900 3506 orbem
