2400 3878
395 220 536 267 vnnomr
558 219 682 267 nnuma
707 220 732 266 11
1014 208 1073 271 113

57 375 175 453 lnplicat
201 382 229 433 et
248 374 372 434 miseros
395 391 495 454 morsu
515 373 682 451 depascitur
704 384 800 443 artus;
1022 386 1073 438 tls

56 466 124 538 post
145 459 240 535 ipsum
261 456 366 517 auxilio
387 455 561 517 subeuntem
584 476 619 518 ac
640 455 696 518 tela
720 459 861 518 serentem

58 542 220 622 corripiunt
242 542 387 618 spirisque
411 540 500 620 ligant
520 541 701 618 ingentibus,
726 552 754 601 et
776 543 832 601 iam

57 626 103 686 bis
125 625 253 685 medium
275 624 414 702 amplexi,
437 624 482 684 bis
503 624 577 685 collo
598 642 735 703 sqqanqea
758 627 868 694 circum

54 702 139 786 terga
150 697 228 768 ‘diu
238 716 378 786 superant
401 710 495 786 capite
518 716 546 768 et
569 708 730 768 cervicibus
753 708 826 768 altis.

56 791 105 852 ille
125 789 211 851 simul
234 792 367 852 manibus
389 792 481 853 tendit
501 791 637 852 divellere
659 793 751 852 nodos

57 894 111 954 per
144 893 194 935 sus
214 877 294 936 sanic
315 877 398 935 vittas
419 884 540 954 atroque
563 894 689 944 veneno,

60 960 203 1019 camores
224 945 310 1019 s'i'm'r'rl
332 959 496 1020 horrendos
519 959 555 1019 ad
577 960 672 1020 sidera
694 958 782 1028 tollit,

59 1042 150 1121 qualis
172 1044 315 1120 mugitus,
338 1044 412 1122 sugit
434 1062 500 1104 cum
523 1044 639 1140 sauci—qs
660 1059 740 1103 aram

58 1135 161 1187 taurus
183 1135 211 1187 et
229 1128 371 1188 incertam
394 1129 521 1188 excussit
541 1145 653 1188 cervice
671 1128 808 1188 securim.

59 1218 88 1271 at
109 1211 216 1286 gemlni
239 1209 322 1299 lapsu
344 1210 466 1272 delubra
489 1212 524 1271 ad
547 1229 661 1271 summa
675 1197 827 1271 ‘draco‘rui's

60 1294 201 1370 effugiunt
220 1284 503 1372 saev'aequepetunt
524 1294 682 1355 Tritonidis
704 1312 816 1364 arcem,

58 1377 113 1436 sub
134 1376 316 1455 pedibusque
338 1379 409 1438 deae
432 1378 575 1477 clipeique
593 1378 647 1438 sub
671 1378 743 1438 orbe
758 1387 907 1454 teguntur.

59 1469 121 1520 tum
142 1478 211 1519 vero
231 1461 400 1521 tremefacta
423 1469 590 1538 novos'per
612 1471 732 1538 pectora
756 1462 887 1520 cunctis'
981 1454 990 1461 ”

58 1545 186 1604 insinuat
204 1562 308 1622 pavor,
333 1553 361 1604 et
380 1543 476 1604 scelus
494 1563 528 1604 ex
552 1544 668 1604 endisse
688 1551 848 1604 merentem

59 1628 224 1687 Laocoonta
244 1627 357 1696 serunt,
387 1644 503 1687 sacrum
525 1562 718 1705 qffirmspide
737 1617 832 1770 rqtbrg

61 1710 179 1772 laeserit
201 1719 229 1771 et
250 1695 525 1787 [eigosceleratam
546 1709 695 1770 intorserit
716 1711 768 1770 has
832 1756 838 1770 .

58 1795 224 1855 ducendum
247 1796 283 1854 ad
304 1794 389 1855 sodes
410 1793 599 1855 simulacrum
622 1795 791 1872 orandaque
813 1795 894 1855 divae

58 1880 177 1938 numina
201 1877 392 1938 conclamant.

57 1961 211 2021 dividimus
232 1980 334 2022 muros
357 1971 386 2023 et
405 1963 520 2022 moenia
542 1962 697 2039 pandimus
715 1960 808 2021 urbis.

58 2047 213 2121 accingunt
235 2064 337 2106 omnes
360 2048 456 2124 operi,
485 2045 668 2124 pedibusque
690 2053 822 2106 rotarum

57 2128 204 2189 subiciunt
224 2129 339 2214 laffls,
362 2138 389 2191 et
411 2138 458 2190 stu
500 2148 534 2190 ea
554 2127 668 2198 vincula
690 2128 764 2190 collo

58 2213 220 2274 intendunt.
266 2215 379 2283 scandit
400 2216 457 2274 iata
480 2231 493 2272 s
513 2213 647 2273 machina
669 2230 771 2274 muros
870 2235 873 2243 ·

58 2296 115 2356 leta
141 2298 238 2356 armis.
282 2288 369 2375 pueri
388 2300 499 2359 circum
519 2298 716 2375 innuptaeque
739 2296 852 2374 puellae

57 2397 141 2439 sacra
163 2389 271 2441 canunt
292 2381 451 2467 summique
474 2399 562 2441 manu
585 2383 755 2456 contingere
779 2381 914 2458 gaudent

58 2461 105 2521 illa
127 2462 205 2523 subit
225 2460 398 2541 mediaeque
420 2466 535 2523 minans
556 2463 694 2523 inlabitur
716 2462 791 2522 urbi.
925 2464 928 2469 '

59 2563 75 2604 o
97 2547 206 2622 patria,
227 2565 244 2605 o
264 2547 360 2605 divom
383 2547 487 2606 domus
508 2546 591 2605 llium
615 2554 643 2606 et
664 2545 772 2605 incluta
792 2544 869 2604 bello

57 2629 172 2688 moenia
193 2630 404 2690 Dardanidum!
427 2637 530 2706 quater
552 2630 614 2705 ipso
637 2629 666 2687 in
684 2628 783 2688 limine
802 2634 905 2705 portae

57 2711 184 2772 substitit
207 2720 294 2789 atque
315 2719 399 2774 utero
420 2713 546 2774 sonitum
569 2721 672 2790 quater
693 2715 775 2772 a'r'ma
797 2712 920 2773 dedere:

57 2794 198 2856 instamus
220 2804 318 2857 tamen
338 2797 515 2857 inmemores
537 2797 674 2874 caecique
696 2797 811 2865 lurore,

58 2859 274 2942 effimistrum
293 2880 392 2942 infelix
412 2889 525 2941 sacrata
546 2881 674 2940 sistimus
697 2898 774 2941 arce.

58 2969 127 3023 tunc
150 2967 236 3026 etiam
258 2964 322 3026 latis
343 2967 437 3043 aperit
459 2958 748 3025 Cassandra‘lirturis

58 3063 110 3106 ora
133 3048 180 3108 dei
202 3051 283 3110 iussu
305 3067 366 3109 non
387 3067 528 3127 umquam
549 3050 658 3109 credita
678 3050 814 3111 Teucris:

57 3147 111 3189 nos
129 3130 251 3194 delubra
272 3135 359 3195 deum
382 3115 497 3203 riseri,
522 3134 628 3211 quibus
651 3133 769 3194 ultimus
793 3141 869 3195 esset

57 3211 104 3273 illc
127 3215 202 3287 dies,
226 3217 297 3278 festa
316 3217 445 3278 velamus
466 3217 570 3277 fronde
589 3236 643 3296 per
664 3218 779 3279 urbem.

99 3296 226 3360 Vertitur
249 3288 498 3363 mterea‘caelum
521 3310 549 3361 et
571 3303 630 3361 ruit
650 3301 766 3362 Oceano
782 3320 837 3361 nor

57 3380 204 3442 involvens
225 3384 330 3446 umbra
349 3405 454 3464 magna
477 3395 645 3464 terramque
667 3385 825 3463 polumque

59 3462 328 3546 Myrmidonumque
349 3470 446 3539 dolos;
469 3470 526 3531 susi
547 3487 601 3547 por
623 3469 738 3530 moenia
755 3469 862 3532 Teucri

109 3580 241 3628 araneos,
262 3583 374 3621 vanam.
842 3565 862 3628 8
