2400 3878
414 219 697 269 11111111111111
716 223 754 269 1x
1030 208 1091 272 263

80 375 211 438 satiatis
235 375 397 453 Venerique
420 375 529 445 datum,
549 376 673 452 tetigere
692 376 771 454 quod
793 395 862 436 arva
1043 384 1092 435 135

80 458 182 521 fertilis
204 460 347 520 Ausoniae
363 458 464 520 Troes.
498 467 567 520 sunt
588 469 617 520 et
638 477 704 521 mea
726 469 829 520 contra

81 543 139 604 1111
160 543 240 613 mihi,
261 544 340 604 ferro
363 542 536 603 sceleratam
558 543 714 604 excindere
733 550 860 620 gentem,

81 629 204 704 coniuge
226 634 395 705 praerepta:
417 643 472 686 111
493 626 571 687 11111
592 627 684 705 tangit
702 628 817 688 Atridas

80 711 133 771 iste
152 709 235 770 dolor
257 710 384 788 solisque
404 709 472 770 licet
492 728 598 787 capere
620 729 701 770 arma
719 710 856 790 Mycenis.

81 794 158 855 “sed
173 795 293 871 periisse
314 792 406 854 semel
423 793 492 853 satis
514 793 598 855 est'':
620 813 745 873 peccare
764 795 867 856 luisset

81 887 147 940 ante
167 881 236 939 11111
257 879 372 957 penitus
394 879 482 938 modo
501 895 580 938 nunc
597 895 690 954 genus
710 896 796 939 omne
817 896 939 957 perosos

81 961 248 1022 femineum.
282 961 388 1038 quibus
411 961 483 1023 haec
503 962 591 1023 medii
613 963 719 1023 fiducia
739 961 806 1022 valli

82 1046 286 1125 fossarumque
307 1063 417 1114 morae,
441 1045 492 1106 leti
515 1046 682 1107 discrimina
703 1065 801 1124 parva,

81 1131 149 1191 dant
168 1130 289 1191 animos.
323 1138 352 1190 at
373 1147 434 1189 non
454 1130 590 1191 viderunt
611 1132 725 1192 moenia
743 1128 848 1192 Troiae

81 1213 208 1291 Neptuni
230 1213 369 1274 fabricata
389 1231 478 1274 manu
499 1214 651 1276 considere
671 1216 701 1276 11
718 1215 812 1292 ignisl

79 1315 139 1357 non
160 1298 249 1358 armis
271 1297 342 1357 mihi
364 1296 491 1367 Volcani,
514 1316 574 1358 non
596 1298 674 1359 mille
697 1300 803 1360 carinis

79 1391 123 1442 est
142 1399 216 1459 opus
236 1383 265 1440 111
287 1381 419 1442 Teucros
441 1382 560 1456 (addant
579 1400 611 1442 se
632 1384 767 1460 protinus
790 1401 891 1443 omnes

78 1466 193 1526 Etrusci
211 1464 333 1541 socios);
356 1464 491 1524 tenebras
513 1475 541 1525 et
562 1465 666 1526 1111111
686 1465 764 1526 lurta

79 1548 213 1631 [Palladii
236 1549 328 1608 caesis
350 1565 482 1608 summae
502 1547 672 1608 custodibus
694 1547 785 1629 arcis]

78 1651 115 1694 ne
137 1635 264 1702 timeant,
288 1649 343 1693 nec
364 1633 432 1710 equi
455 1649 541 1692 caeca
565 1632 727 1692 condemur
749 1634 780 1693 in
802 1631 882 1692 alvo:

78 1715 143 1777 luce
163 1715 260 1796 palam
279 1724 393 1777 certum
415 1724 459 1776 est
477 1717 540 1792 igni
561 1716 745 1776 circumdare
763 1733 873 1777 muros.

79 1800 150 1860 haut
168 1799 223 1860 sibi
242 1819 309 1862 oum
331 1800 437 1861 Danais
458 1817 523 1860 rem
544 1801 610 1860 laxo
632 1808 661 1860 et
682 1800 761 1878 pube
782 1799 904 1879 Pelasga

77 1902 141 1945 esse
163 1885 266 1955 lerant,
290 1885 446 1945 decumum
467 1901 540 1964 quos
561 1883 671 1945 distulit
691 1885 800 1946 llector
819 1885 848 1945 in
869 1902 986 1947 annum.

77 1985 156 2028 nunc
172 1967 255 2036 adeo,
278 1967 383 2029 melior
406 1969 543 2047 quoniam
564 1987 633 2047 pars
655 1979 719 2029 1111
744 1970 810 2039 diei,

77 2052 156 2130 quod
174 2061 316 2131 superest,
334 2051 402 2113 laeti
424 2053 501 2115 bene
524 2055 614 2132 gestis
633 2071 759 2133 corpora
779 2053 884 2115 rebus

76 2144 242 2214 procurate,
262 2138 322 2206 riri,
349 2146 379 2197 et
399 2155 528 2215 pugnam
551 2146 667 2215 sperate
692 2140 814 2217 parari'

77 2221 187 2280 interea
208 2219 328 2297 vigilum
349 2221 479 2281 excubiis
502 2221 636 2282 obsidere
657 2231 757 2301 portas

77 2321 146 2363 cura
168 2305 253 2364 datur
271 2304 405 2382 llessapo
427 2312 456 2364 et
477 2307 592 2365 moenia
616 2306 734 2382 cingere
755 2304 888 2366 llammis.

75 2385 120 2446 bis
140 2394 252 2464 septem
272 2385 381 2456 Rutuli,
407 2404 508 2447 muros
530 2389 580 2467 qui
601 2388 691 2448 milite
712 2399 838 2458 servent,

77 2469 196 2536 delecti;
220 2479 264 2528 111
285 2468 351 2527 illos
372 2470 488 2528 centeni
506 2487 654 2547 quemque
676 2481 815 2531 secuntur

76 2553 218 2631 purpurei
241 2552 337 2618 cristis
360 2553 479 2611 iuvenes
502 2569 634 2630 auroque
657 2555 781 2613 corusci.

77 2636 246 2696 discurrunt
259 2636 437 2712 ,variantque
463 2636 541 2694 vices
563 2636 678 2713 lusique
699 2652 754 2711 per
773 2632 896 2695 herbam

78 2718 229 2797 indulgent
249 2719 315 2779 vino
335 2725 364 2779 et
384 2725 501 2778 vertunt
523 2727 652 2779 crateras
674 2723 772 2779 aenos.
1038 2725 1088 2776 loo

76 2802 232 2865 conlucent
253 2805 344 2881 ignes,
368 2810 485 2862 noctem
508 2802 640 2864 custodia
660 2803 739 2863 ducit

76 2888 240 2949 insomnem
260 2887 340 2948 ludo.

118 2972 197 3033 Haec
218 2990 307 3051 super
330 2991 347 3033 1
368 2970 442 3032 vallo
466 2981 657 3051 prospectant
678 2972 771 3034 Troes
794 2983 823 3032 et
847 2983 935 3031 armis

76 3056 133 3116 alta
151 3063 260 3125 teuent,
280 3073 335 3118 nec
356 3073 416 3117 non
435 3055 541 3135 trepidi
564 3055 719 3118 formidine
738 3067 838 3135 portas

76 3139 230 3216 explorant
251 3143 408 3218 pontisque
433 3148 461 3200 et
482 3141 703 3219 propugnacula
724 3142 857 3217 iungunt,
1037 3142 1087 3196 no

76 3222 133 3282 tela
156 3233 271 3299 gerunt.
307 3226 394 3285 instat
413 3223 581 3284 Mnestheus
603 3243 730 3303 acerque
753 3225 897 3293 Serestus,

76 3323 150 3382 quos
167 3316 252 3385 pater
273 3311 395 3375 Aeneas,
419 3307 562 3384 siquando
583 3308 704 3368 adversa
727 3316 873 3375 vocarent,

76 3401 207 3450 rectores
228 3392 364 3452 iuvenum
387 3402 415 3452 et
435 3407 537 3451 rerum
554 3390 635 3452 dedit
656 3408 721 3451 esse
741 3390 906 3467 magistros.

37 3473 40 3480 “
77 3475 171 3534 omnis
188 3492 242 3552 per
261 3493 363 3535 muros
384 3473 470 3551 legio,
491 3475 593 3535 sortita
611 3471 763 3550 periclum,
