2400 3878
438 217 579 265 vuettini
601 219 724 267 Auuuls
747 221 769 266 V

99 379 128 431 ot
150 371 244 447 gravis
266 379 299 432 ut
317 372 407 433 fundo
430 374 475 433 vix
500 372 618 432 tandem
641 373 771 434 redditus
792 375 850 436 imo
873 384 917 435 est

98 455 156 514 iam
176 455 274 514 senior
295 455 468 534 madidaque
490 456 584 516 lluens
605 457 636 515 in
657 464 735 518 veste
754 456 916 528 Menoetes,

98 553 212 597 summa
233 540 305 614 petit
325 539 437 616 scopuli
457 543 594 616 siccaque
614 540 644 600 in
662 553 736 617 rupe
758 541 874 602 resedit.
1063 554 1111 610 181

98 619 178 681 illum
199 628 227 682 et
249 621 395 683 labentem
417 623 525 684 Teucri
544 631 573 684 et
592 625 685 684 risere
704 630 851 684 natantem

98 712 126 764 et
147 704 238 764 salsos
256 706 352 766 rident
371 713 568 767 revomentem
589 714 709 783 pectore
729 706 845 768 iluotus.

97 788 144 848 hio
166 786 240 848 laeta
262 791 400 852 extremis
422 806 489 866 spes
512 796 555 850 est
577 807 699 851 accensa
722 789 851 860 duobus,

98 871 235 948 Sergesto
255 872 455 951 Mnesthique,
480 876 560 952 Gyan
580 890 721 951 superare
744 882 917 936 morantem.

98 954 251 1031 Sergestus
273 957 349 1033 capit
371 963 438 1017 ante
460 956 558 1017 locum
579 956 761 1036 scopuloque
782 961 967 1038 propinquat,
1060 970 1109 1024 18⁵

98 1056 152 1097 nec
174 1045 233 1099 tota
254 1047 352 1100 tamen
374 1039 422 1101 ille
443 1042 524 1118 prior
543 1048 703 1118 praeeunte
726 1042 840 1102 carina:

98 1127 180 1197 parte
201 1122 298 1199 prior,
321 1125 428 1201 partim
448 1132 545 1184 rostro
567 1126 674 1202 premit
696 1125 810 1186 aemula
833 1125 944 1186 Pristis.

98 1214 126 1264 at
147 1205 241 1265 media
262 1208 357 1266 socios
378 1209 516 1269 incedens
536 1226 609 1270 nave
630 1226 684 1286 per
703 1210 781 1286 ipsos

98 1288 231 1348 hortatur
253 1289 436 1351 Mnestheus:
460 1301 553 1352 ‘nunc
574 1309 653 1352 nuno
672 1293 815 1368 insurgite
839 1293 943 1360 remis,

98 1369 234 1431 Hectorei
254 1373 341 1442 socii,
364 1373 469 1434 Troiae
491 1392 565 1452 quos
586 1382 665 1435 sorte
689 1392 826 1451 suprema
1061 1387 1109 1441 190

98 1452 193 1530 delegi
215 1455 350 1523 comites;
375 1473 454 1515 nuno
475 1455 539 1516 illas
560 1459 685 1533 promite
701 1459 791 1523 vires,

97 1555 177 1597 nunc
199 1538 325 1606 11111111,
347 1538 453 1616 quibus
472 1540 501 1599 in
523 1537 651 1598 Gaetulis
673 1538 806 1622 Syrtibus
829 1540 873 1598 1111

97 1620 237 1700 Ionioque
261 1621 334 1680 mari
356 1620 524 1699 Maleaeque
542 1621 715 1700 sequacibus
737 1621 833 1681 undis.

96 1721 155 1762 non
175 1706 233 1764 iam
255 1705 350 1782 prima
370 1713 437 1783 peto
461 1705 628 1766 Mnestheus
648 1723 744 1784 neque
763 1705 879 1766 vincere
902 1716 982 1768 certo

98 1787 284 1866 (quamquam
305 1789 335 1848 o!
353 1823 394 1832 -
417 1787 468 1849 sed
482 1797 637 1867 superent,
660 1788 765 1868 quibus
788 1788 859 1858 hoc,
884 1789 1031 1869 Neptune,
1057 1793 1107 1856 de·

708 1873 801 1952 disti):
1057 1888 1106 1942 195

97 1961 241 2015 extremos
263 1954 372 2034 pudeat
395 1956 525 2018 rediisse.
569 1957 626 2017 hoc
645 1957 764 2025 vincite,
785 1958 875 2026 cives,

97 2045 125 2097 et
143 2038 297 2115 prohibete
318 2038 426 2100 nelos'
472 2039 520 2100 olli
541 2042 700 2102 certamine
721 2057 836 2100 summo

96 2122 306 2198 procumbunt:
326 2125 413 2184 rastis
435 2125 533 2184 tremit
553 2124 658 2185 ictibus
680 2142 765 2184 aerea
782 2124 889 2201 puppis

96 2204 333 2285 subtrahiturque
355 2206 465 2277 solum,
489 2206 556 2268 tum'
573 2208 677 2268 creber
698 2205 841 2267 anhelitus
863 2214 943 2268 artus

96 2288 235 2366 aridaque
256 2306 308 2349 ora
331 2292 435 2368 quatit,
459 2291 549 2351 sudor
570 2291 634 2351 lluit
655 2290 785 2366 undique
805 2290 882 2348 11111.
1055 2300 1106 2353 too

95 2370 189 2430 attulit
208 2373 271 2450 ipse
292 2373 360 2431 11111
380 2381 510 2450 optatum
533 2391 616 2434 casus
636 2374 789 2433 honorem.

95 2471 222 2530 namque
243 2454 344 2514 11111111
364 2456 453 2515 animi
474 2455 544 2514 dum
564 2472 683 2532 proram
704 2455 740 2514 ad
762 2471 830 2512 saxa
854 2453 1016 2530 suburguet

96 2538 216 2597 interior
239 2537 390 2614 spatioque
409 2536 486 2596 subit
508 2537 662 2612 Sergestus
680 2536 796 2612 iniquo,

96 2619 195 2682 infelix
218 2621 294 2679 saxis
316 2620 346 2678 in
367 2618 610 2697 procurrentibus
630 2618 732 2677 haesit.

95 2721 254 2764 concussae
276 2710 388 2771 cautes,
414 2710 442 2762 et
461 2709 546 2763 acuto
567 2703 596 2762 in
619 2701 732 2761 murice
754 2701 828 2759 remi
1054 2711 1105 2768 hou
1194 2698 1196 2701 ’

95 2788 193 2850 obnixi
216 2805 372 2865 crepuere,
391 2785 532 2864 inlisaque
554 2804 643 2865 prora
664 2783 811 2863 pependit.

95 2881 274 2950 consurgunt
295 2878 400 2932 nautae
422 2877 450 2930 et
470 2886 576 2946 magno
599 2869 726 2931 clamore
749 2874 901 2928 morantur

94 2954 274 3032 ferratasque
297 2956 397 3016 trudes
420 2961 448 3015 et
470 2962 553 3015 acuta
575 2954 693 3033 cuspide
715 2959 817 3014 contos

95 3040 251 3116 expediunt
269 3040 435 3117 fractosque
455 3037 556 3117 legunt
576 3039 605 3099 in
625 3040 740 3117 gurgite
760 3053 868 3096 remos.

95 3128 124 3181 at
146 3121 237 3183 laetus
259 3123 427 3184 Mnestheus
449 3141 645 3201 successuque
667 3123 762 3183 acrior
784 3121 847 3197 ipso
1053 3130 1106 3186 tto

95 3206 209 3282 agmine
230 3223 380 3267 remorum
403 3206 491 3267 celeri
508 3208 657 3286 ventisque
675 3207 783 3266 vocatis

95 3305 187 3365 prona
207 3290 278 3367 petit
299 3291 389 3350 maria
411 3298 439 3352 et
460 3289 563 3369 pelago
586 3290 715 3351 decurrit
737 3295 847 3365 aperto.

96 3370 187 3449 qualis
209 3370 347 3449 spelunca
368 3373 464 3436 subito
487 3381 629 3434 commota
652 3371 800 3439 columba,

96 3454 141 3515 oui
166 3455 270 3514 domus
292 3462 320 3516 et
342 3455 441 3518 dulces
462 3457 608 3520 latebroso
630 3457 661 3516 in
678 3456 794 3536 pumice
816 3453 890 3523 nidi,
