2400 3878
490 187 704 235 CATALEO'I'A.

73 347 131 409 tale
154 347 227 408 deae
249 363 371 416 numen,
396 343 446 404 tali
468 343 604 404 mortalia
625 345 684 402 ritu

115 430 204 491 fallax
227 437 376 489 momento
399 429 542 506 temporis
563 428 636 487 bora
659 428 726 486 ruit.

556 579 630 640 Xlll.

77 683 269 760 Quocumque
291 682 335 739 ire
358 681 458 740 ierunt
480 683 577 740 variae
599 697 653 740 nos
674 688 808 756 tempora
830 677 912 745 vitae,

116 773 238 841 tangere
260 782 332 843 quas
354 772 451 823 terras
473 782 605 843 quosque
627 762 727 822 videre
749 761 892 829 homines,

76 848 254 926 dispeream,
276 849 302 906 si
323 856 352 907 te
375 847 464 907 fuerit
486 848 559 906 mibi
581 848 678 906 carior
700 845 783 905 alter.

118 929 192 990 alter
214 931 292 991 enim
315 932 380 1009 quis
402 940 430 991 te
453 929 568 991 dulcior
590 949 654 990 esse
675 937 782 1009 potest,

76 1016 123 1074 oui
144 1014 241 1074 iuveni
263 1024 330 1074 anto
353 1013 425 1074 alios
448 1014 506 1074 divi
528 1014 682 1093 divomque
704 1031 822 1073 sorores
1069 1017 1086 1068 5

117 1104 221 1157 cuneta
244 1116 340 1176 neque
362 1099 498 1175 indigno,
521 1099 617 1168 Musa,
642 1097 752 1158 dedere
773 1096 859 1165 bona,

76 1187 181 1242 cuncta
219 1180 325 1261 quibus
347 1181 455 1259 gaudet
476 1182 588 1242 Phoebi
610 1182 718 1243 chorus
739 1183 862 1261 ipseque
884 1178 1038 1240 Phoebus?

117 1265 231 1325 doctior
253 1284 270 1324 o
293 1267 357 1343 quis
379 1273 423 1336 te,
447 1267 544 1336 Musa,
568 1266 657 1327 fuisse
679 1266 794 1345 potest?

74 1367 92 1407 o
114 1350 179 1428 quis
202 1357 230 1409 te
252 1350 283 1407 in
306 1350 393 1408 terris
415 1347 544 1426 loquitur
566 1351 722 1409 iucundior
744 1349 820 1410 uno?

117 1432 178 1494 Clio
202 1440 260 1492 tam
284 1440 365 1491 certe
387 1433 510 1493 eandida
534 1451 593 1493 non
615 1433 753 1511 loquitur.
1057 1434 1089 1484 1⁰

75 1534 166 1594 quare
188 1515 260 1575 illud
283 1517 353 1576 satis
375 1523 435 1584 est,
459 1518 484 1574 si
506 1526 534 1577 te
557 1519 703 1594 permittis
726 1517 827 1583 amari,

117 1617 176 1659 non
200 1606 303 1660 eontra
324 1607 357 1659 ut
378 1600 416 1659 sit
437 1617 520 1660 amor
541 1607 660 1660 mutuus
682 1599 750 1659 inde
772 1599 853 1659 mibi.

546 1748 634 1812 xlm.

75 1850 147 1921 Quis
170 1850 253 1919 deus,
280 1851 394 1922 Octavi,
417 1862 447 1913 te
470 1853 554 1912 nobis
577 1851 714 1912 abstulit?
738 1869 775 1910 au
798 1868 872 1929 quae

120 1933 235 2003 dieunt,
260 1953 290 2004 a,
314 1938 405 1997 nimio
428 1936 533 2014 pocula
557 1936 643 1996 ducta
666 1936 768 1996 mero?

76 2015 261 2088 ‘vobiscum
290 2021 315 2080 si
337 2028 381 2080 est
403 2021 502 2100 eulpa,
525 2020 600 2081 bibi:
625 2039 677 2081 sua
699 2036 846 2099 quemque
868 2024 1026 2078 secuntur.

118 2100 192 2160 iata:
216 2102 285 2181 quid
307 2104 439 2165 inmeriti
461 2107 573 2165 orimen
596 2104 706 2165 habeut
728 2103 857 2182 oyatbii'

78 2185 187 2263 scripta
209 2188 328 2265 quidem
350 2196 400 2248 tua
422 2207 476 2250 nos
498 2187 622 2248 muitum
644 2186 818 2248 mirabimur
841 2193 870 2246 et
892 2194 920 2245 te
1074 2189 1091 2240 ὃ

118 2277 235 2344 raptum
259 2277 287 2329 et
309 2272 470 2331 Romanam
492 2271 627 2331 flebimus
648 2272 810 2339 historiam,

76 2352 128 2412 sed
151 2360 183 2411 tu
205 2351 303 2411 nullus
325 2356 392 2413 eris.
416 2356 548 2431 perversi
571 2353 658 2412 dieite
680 2370 791 2421 manes

119 2434 198 2494 huuc
220 2451 375 2510 superesse
397 2437 473 2513 patri
495 2453 570 2512 quae
592 2435 647 2495 suit
668 2434 794 2494 invidia?
