<?xml version="1.0" encoding="UTF-8"?>
<!DOCTYPE html PUBLIC "-//W3C//DTD XHTML 1.0 Transitional//EN"
    "http://www.w3.org/TR/xhtml1/DTD/xhtml1-transitional.dtd">
<html xmlns="http://www.w3.org/1999/xhtml" xml:lang="en" lang="en">
 <head>
  <title>
</title>
<meta http-equiv="Content-Type" content="text/html;charset=utf-8" />
  <meta name='ocr-system' content='tesseract 3.04.00' />
  <meta name='ocr-capabilities' content='ocr_page ocr_carea ocr_par ocr_line ocrx_word'/>
</head>
<body>
  <div class='ocr_page' id='page_1' title='image "./operainusumscho00virggoog_0140.png"; bbox 0 0 2400 3878; ppageno 0'>
   <div class='ocr_carea' id='block_1_1' title="bbox 147 211 817 275">
    <p class='ocr_par' dir='ltr' id='par_1_1' title="bbox 147 211 817 275">
     <span class='ocr_line' id='line_1_1' title="bbox 147 211 817 275; baseline -0.009 0"><span class='ocrx_word' id='word_1_1' title='bbox 147 211 208 275; x_wconf 91' lang='lat'><strong>100</strong></span> <span class='ocrx_word' id='word_1_2' title='bbox 488 222 633 271; x_wconf 81' lang='lat' dir='ltr'><strong>vnnoun</strong></span> <span class='ocrx_word' id='word_1_3' title='bbox 655 222 781 271; x_wconf 76' lang='lat' dir='ltr'><strong>nnnnrs</strong></span> <span class='ocrx_word' id='word_1_4' title='bbox 803 223 817 269; x_wconf 94' lang='lat'>1</span> 
     </span>
    </p>
   </div>
   <div class='ocr_carea' id='block_1_2' title="bbox 146 377 1162 2637">
    <p class='ocr_par' dir='ltr' id='par_1_2' title="bbox 146 377 1162 2637">
     <span class='ocr_line' id='line_1_2' title="bbox 189 377 1157 460; baseline -0.003 -18"><span class='ocrx_word' id='word_1_5' title='bbox 189 382 349 460; x_wconf 89' lang='lat' dir='ltr'><strong>Postquam</strong></span> <span class='ocrx_word' id='word_1_6' title='bbox 369 379 544 455; x_wconf 79' lang='lat' dir='ltr'><strong>introgressi</strong></span> <span class='ocrx_word' id='word_1_7' title='bbox 566 385 595 439; x_wconf 95' lang='lat' dir='ltr'><strong>et</strong></span> <span class='ocrx_word' id='word_1_8' title='bbox 617 395 720 439; x_wconf 92' lang='lat' dir='ltr'><strong>coram</strong></span> <span class='ocrx_word' id='word_1_9' title='bbox 742 377 808 438; x_wconf 90' lang='lat' dir='ltr'><strong>data</strong></span> <span class='ocrx_word' id='word_1_10' title='bbox 830 378 1033 456; x_wconf 74' lang='lat' dir='ltr'><strong>copulandi,</strong></span> <span class='ocrx_word' id='word_1_11' title='bbox 1101 389 1157 439; x_wconf 79' lang='lat'><strong>520</strong></span> 
     </span>
     <span class='ocr_line' id='line_1_3' title="bbox 146 460 917 540; baseline -0.008 -12"><span class='ocrx_word' id='word_1_12' title='bbox 146 467 292 528; x_wconf 86' lang='lat' dir='ltr'><strong>maximus</strong></span> <span class='ocrx_word' id='word_1_13' title='bbox 312 463 441 524; x_wconf 84' lang='lat' dir='ltr'>Ilioneus</span> <span class='ocrx_word' id='word_1_14' title='bbox 461 460 578 540; x_wconf 87' lang='lat' dir='ltr'><strong>placido</strong></span> <span class='ocrx_word' id='word_1_15' title='bbox 600 462 642 521; x_wconf 91' lang='lat' dir='ltr'><strong>sic</strong></span> <span class='ocrx_word' id='word_1_16' title='bbox 663 469 785 540; x_wconf 82' lang='lat' dir='ltr'><strong>pectore</strong></span> <span class='ocrx_word' id='word_1_17' title='bbox 807 463 917 540; x_wconf 90' lang='lat' dir='ltr'><strong>coepit:</strong></span> 
     </span>
     <span class='ocr_line' id='line_1_4' title="bbox 147 545 948 625; baseline -0.004 -16"><span class='ocrx_word' id='word_1_18' title='bbox 147 548 177 609; x_wconf 81' lang='lat' dir='ltr'><strong>‘o</strong></span> <span class='ocrx_word' id='word_1_19' title='bbox 200 550 319 625; x_wconf 87' lang='lat' dir='ltr'><strong>regina,</strong></span> <span class='ocrx_word' id='word_1_20' title='bbox 342 564 446 608; x_wconf 89' lang='lat' dir='ltr'><strong>novam</strong></span> <span class='ocrx_word' id='word_1_21' title='bbox 469 547 517 606; x_wconf 93' lang='lat' dir='ltr'><strong>cui</strong></span> <span class='ocrx_word' id='word_1_22' title='bbox 538 545 668 606; x_wconf 90' lang='lat' dir='ltr'><strong>condere</strong></span> <span class='ocrx_word' id='word_1_23' title='bbox 689 545 821 624; x_wconf 92' lang='lat' dir='ltr'><strong>luppiter</strong></span> <span class='ocrx_word' id='word_1_24' title='bbox 843 545 948 606; x_wconf 91' lang='lat' dir='ltr'><strong>urbem</strong></span> 
     </span>
     <span class='ocr_line' id='line_1_5' title="bbox 148 628 864 711; baseline -0.007 -18"><span class='ocrx_word' id='word_1_25' title='bbox 148 634 320 711; x_wconf 91' lang='lat' dir='ltr'><strong>iustitiaque</strong></span> <span class='ocrx_word' id='word_1_26' title='bbox 343 630 425 691; x_wconf 81' lang='lat' dir='ltr'><strong>dedit</strong></span> <span class='ocrx_word' id='word_1_27' title='bbox 446 633 543 708; x_wconf 87' lang='lat' dir='ltr'><strong>gentis</strong></span> <span class='ocrx_word' id='word_1_28' title='bbox 564 629 683 690; x_wconf 80' lang='lat' dir='ltr'><strong>frenare</strong></span> <span class='ocrx_word' id='word_1_29' title='bbox 706 628 864 708; x_wconf 89' lang='lat' dir='ltr'><strong>superbas,</strong></span> 
     </span>
     <span class='ocr_line' id='line_1_6' title="bbox 147 714 892 793; baseline -0.005 -17"><span class='ocrx_word' id='word_1_30' title='bbox 147 716 241 776; x_wconf 88' lang='lat' dir='ltr'><strong>Troes</strong></span> <span class='ocrx_word' id='word_1_31' title='bbox 263 724 293 776; x_wconf 89' lang='lat' dir='ltr'><strong>te</strong></span> <span class='ocrx_word' id='word_1_32' title='bbox 314 715 429 784; x_wconf 88' lang='lat' dir='ltr'><strong>miseri,</strong></span> <span class='ocrx_word' id='word_1_33' title='bbox 452 716 545 774; x_wconf 86' lang='lat' dir='ltr'><strong>ventis</strong></span> <span class='ocrx_word' id='word_1_34' title='bbox 566 715 659 775; x_wconf 90' lang='lat' dir='ltr'><strong>maria</strong></span> <span class='ocrx_word' id='word_1_35' title='bbox 680 715 777 774; x_wconf 89' lang='lat' dir='ltr'><strong>omnia</strong></span> <span class='ocrx_word' id='word_1_36' title='bbox 798 714 892 793; x_wconf 83' lang='lat' dir='ltr'><strong>vecti,</strong></span> 
     </span>
     <span class='ocr_line' id='line_1_7' title="bbox 149 796 1156 878; baseline -0.001 -18"><span class='ocrx_word' id='word_1_37' title='bbox 149 818 282 861; x_wconf 91' lang='lat' dir='ltr'><strong>oramus:</strong></span> <span class='ocrx_word' id='word_1_38' title='bbox 306 798 433 878; x_wconf 85' lang='lat' dir='ltr'><strong>prohibe</strong></span> <span class='ocrx_word' id='word_1_39' title='bbox 453 797 592 859; x_wconf 85' lang='lat' dir='ltr'><strong>infandos</strong></span> <span class='ocrx_word' id='word_1_40' title='bbox 614 816 631 857; x_wconf 92' lang='lat' dir='ltr'><strong>a</strong></span> <span class='ocrx_word' id='word_1_41' title='bbox 651 796 774 858; x_wconf 84' lang='lat' dir='ltr'><strong>navibus</strong></span> <span class='ocrx_word' id='word_1_42' title='bbox 794 799 888 874; x_wconf 85' lang='lat' dir='ltr'><strong>ignis,</strong></span> <span class='ocrx_word' id='word_1_43' title='bbox 1101 808 1156 859; x_wconf 75' lang='lat' dir='ltr'><strong>otio</strong></span> 
     </span>
     <span class='ocr_line' id='line_1_8' title="bbox 147 882 984 964; baseline 0 -20"><span class='ocrx_word' id='word_1_44' title='bbox 147 902 237 964; x_wconf 90' lang='lat' dir='ltr'><strong>parce</strong></span> <span class='ocrx_word' id='word_1_45' title='bbox 259 885 308 962; x_wconf 92' lang='lat' dir='ltr'><strong>pio</strong></span> <span class='ocrx_word' id='word_1_46' title='bbox 331 885 449 960; x_wconf 80' lang='lat' dir='ltr'><strong>generi,</strong></span> <span class='ocrx_word' id='word_1_47' title='bbox 473 889 504 942; x_wconf 88' lang='lat' dir='ltr'><strong>et</strong></span> <span class='ocrx_word' id='word_1_48' title='bbox 525 883 648 961; x_wconf 90' lang='lat' dir='ltr'><strong>propius</strong></span> <span class='ocrx_word' id='word_1_49' title='bbox 668 899 719 943; x_wconf 90' lang='lat' dir='ltr'><strong>res</strong></span> <span class='ocrx_word' id='word_1_50' title='bbox 740 882 838 959; x_wconf 80' lang='lat' dir='ltr'><strong>aspice</strong></span> <span class='ocrx_word' id='word_1_51' title='bbox 859 885 984 944; x_wconf 87' lang='lat' dir='ltr'><strong>nostras.</strong></span> 
     </span>
     <span class='ocr_line' id='line_1_9' title="bbox 148 964 910 1045; baseline -0.001 -18"><span class='ocrx_word' id='word_1_52' title='bbox 148 985 208 1028; x_wconf 93' lang='lat' dir='ltr'><strong>non</strong></span> <span class='ocrx_word' id='word_1_53' title='bbox 230 985 285 1027; x_wconf 90' lang='lat' dir='ltr'><strong>nos</strong></span> <span class='ocrx_word' id='word_1_54' title='bbox 307 974 357 1027; x_wconf 89' lang='lat' dir='ltr'><strong>aut</strong></span> <span class='ocrx_word' id='word_1_55' title='bbox 378 968 460 1026; x_wconf 83' lang='lat' dir='ltr'><strong>ferro</strong></span> <span class='ocrx_word' id='word_1_56' title='bbox 482 964 608 1045; x_wconf 81' lang='lat' dir='ltr'><strong>Libycos</strong></span> <span class='ocrx_word' id='word_1_57' title='bbox 630 964 772 1044; x_wconf 90' lang='lat' dir='ltr'><strong>populare</strong></span> <span class='ocrx_word' id='word_1_58' title='bbox 793 966 910 1044; x_wconf 86' lang='lat' dir='ltr'><strong>penatis</strong></span> 
     </span>
     <span class='ocr_line' id='line_1_10' title="bbox 148 1048 944 1128; baseline -0.001 -17"><span class='ocrx_word' id='word_1_59' title='bbox 148 1053 284 1112; x_wconf 84' lang='lat' dir='ltr'><strong>venimus</strong></span> <span class='ocrx_word' id='word_1_60' title='bbox 307 1058 356 1111; x_wconf 85' lang='lat' dir='ltr'><strong>aut</strong></span> <span class='ocrx_word' id='word_1_61' title='bbox 377 1056 477 1128; x_wconf 90' lang='lat' dir='ltr'><strong>raptas</strong></span> <span class='ocrx_word' id='word_1_62' title='bbox 499 1049 536 1109; x_wconf 90' lang='lat' dir='ltr'><strong>ad</strong></span> <span class='ocrx_word' id='word_1_63' title='bbox 558 1050 644 1110; x_wconf 86' lang='lat' dir='ltr'><strong>litora</strong></span> <span class='ocrx_word' id='word_1_64' title='bbox 665 1056 782 1110; x_wconf 87' lang='lat' dir='ltr'><strong>vertere</strong></span> <span class='ocrx_word' id='word_1_65' title='bbox 803 1048 944 1128; x_wconf 66' lang='lat' dir='ltr'><strong>praedatu</strong></span> 
     </span>
     <span class='ocr_line' id='line_1_11' title="bbox 149 1131 906 1212; baseline -0.004 -17"><span class='ocrx_word' id='word_1_66' title='bbox 149 1153 209 1197; x_wconf 92' lang='lat' dir='ltr'><strong>non</strong></span> <span class='ocrx_word' id='word_1_67' title='bbox 232 1152 266 1195; x_wconf 90' lang='lat' dir='ltr'><strong>ea</strong></span> <span class='ocrx_word' id='word_1_68' title='bbox 288 1135 330 1194; x_wconf 85' lang='lat' dir='ltr'><strong>vis</strong></span> <span class='ocrx_word' id='word_1_69' title='bbox 352 1135 449 1194; x_wconf 90' lang='lat' dir='ltr'><strong>animo</strong></span> <span class='ocrx_word' id='word_1_70' title='bbox 471 1140 536 1194; x_wconf 89' lang='lat' dir='ltr'><strong>nec&#39;</strong></span> <span class='ocrx_word' id='word_1_71' title='bbox 551 1140 631 1194; x_wconf 87' lang='lat' dir='ltr'><strong>tanta</strong></span> <span class='ocrx_word' id='word_1_72' title='bbox 653 1131 792 1212; x_wconf 90' lang='lat' dir='ltr'><strong>superbia</strong></span> <span class='ocrx_word' id='word_1_73' title='bbox 812 1132 906 1193; x_wconf 79' lang='lat' dir='ltr'><strong>victis.</strong></span> 
     </span>
     <span class='ocr_line' id='line_1_12' title="bbox 150 1217 1156 1296; baseline -0.001 -16"><span class='ocrx_word' id='word_1_74' title='bbox 150 1227 194 1280; x_wconf 90' lang='lat' dir='ltr'><strong>est</strong></span> <span class='ocrx_word' id='word_1_75' title='bbox 216 1218 312 1288; x_wconf 88' lang='lat' dir='ltr'><strong>locus,</strong></span> <span class='ocrx_word' id='word_1_76' title='bbox 335 1218 509 1296; x_wconf 83' lang='lat' dir='ltr'><strong>Hesperiam</strong></span> <span class='ocrx_word' id='word_1_77' title='bbox 531 1218 601 1278; x_wconf 86' lang='lat' dir='ltr'><strong>Grai</strong></span> <span class='ocrx_word' id='word_1_78' title='bbox 622 1221 798 1295; x_wconf 89' lang='lat' dir='ltr'><strong>cognomine</strong></span> <span class='ocrx_word' id='word_1_79' title='bbox 820 1217 937 1294; x_wconf 86' lang='lat' dir='ltr'><strong>dicunt,</strong></span> <span class='ocrx_word' id='word_1_80' title='bbox 1100 1227 1156 1279; x_wconf 76' lang='lat' dir='ltr'><strong>ono</strong></span> 
     </span>
     <span class='ocr_line' id='line_1_13' title="bbox 148 1297 1011 1380; baseline -0.001 -19"><span class='ocrx_word' id='word_1_81' title='bbox 148 1309 230 1363; x_wconf 87' lang='lat' dir='ltr'><strong>terra</strong></span> <span class='ocrx_word' id='word_1_82' title='bbox 253 1305 388 1379; x_wconf 90' lang='lat' dir='ltr'><strong>antiqua,</strong></span> <span class='ocrx_word' id='word_1_83' title='bbox 412 1309 517 1380; x_wconf 86' lang='lat' dir='ltr'><strong>potens</strong></span> <span class='ocrx_word' id='word_1_84' title='bbox 539 1303 628 1361; x_wconf 88' lang='lat' dir='ltr'><strong>arrnis</strong></span> <span class='ocrx_word' id='word_1_85' title='bbox 650 1310 736 1379; x_wconf 91' lang='lat' dir='ltr'><strong>atque</strong></span> <span class='ocrx_word' id='word_1_86' title='bbox 759 1301 852 1362; x_wconf 89' lang='lat' dir='ltr'><strong>ubero</strong></span> <span class='ocrx_word' id='word_1_87' title='bbox 873 1297 1011 1379; x_wconf 67' lang='lat' dir='ltr'><strong>glaebam</strong></span> 
     </span>
     <span class='ocr_line' id='line_1_14' title="bbox 151 1385 863 1463; baseline -0.003 -15"><span class='ocrx_word' id='word_1_88' title='bbox 151 1386 273 1448; x_wconf 86' lang='lat' dir='ltr'><strong>Oenotri</strong></span> <span class='ocrx_word' id='word_1_89' title='bbox 296 1385 415 1446; x_wconf 89' lang='lat' dir='ltr'><strong>coluere</strong></span> <span class='ocrx_word' id='word_1_90' title='bbox 437 1387 507 1463; x_wconf 79' lang='lat' dir='ltr'><strong>viri3</strong></span> <span class='ocrx_word' id='word_1_91' title='bbox 531 1403 611 1446; x_wconf 89' lang='lat' dir='ltr'><strong>nuno</strong></span> <span class='ocrx_word' id='word_1_92' title='bbox 632 1385 711 1445; x_wconf 86' lang='lat' dir='ltr'><strong>iama</strong></span> <span class='ocrx_word' id='word_1_93' title='bbox 733 1387 863 1446; x_wconf 84' lang='lat' dir='ltr'><strong>minores</strong></span> 
     </span>
     <span class='ocr_line' id='line_1_15' title="bbox 150 1469 859 1546; baseline -0.004 -15"><span class='ocrx_word' id='word_1_94' title='bbox 150 1469 264 1532; x_wconf 89' lang='lat' dir='ltr'><strong>ltaliam</strong></span> <span class='ocrx_word' id='word_1_95' title='bbox 287 1471 394 1530; x_wconf 84' lang='lat' dir='ltr'><strong>dixisse</strong></span> <span class='ocrx_word' id='word_1_96' title='bbox 417 1469 503 1530; x_wconf 88' lang='lat' dir='ltr'><strong>ducis</strong></span> <span class='ocrx_word' id='word_1_97' title='bbox 525 1469 561 1529; x_wconf 95' lang='lat' dir='ltr'><strong>de</strong></span> <span class='ocrx_word' id='word_1_98' title='bbox 583 1470 703 1530; x_wconf 92' lang='lat' dir='ltr'><strong>nomine</strong></span> <span class='ocrx_word' id='word_1_99' title='bbox 725 1477 859 1546; x_wconf 85' lang='lat' dir='ltr'><strong>gentem:</strong></span> 
     </span>
     <span class='ocr_line' id='line_1_16' title="bbox 150 1553 419 1630; baseline 0.007 -17"><span class='ocrx_word' id='word_1_100' title='bbox 150 1553 199 1615; x_wconf 91' lang='lat' dir='ltr'><strong>bic</strong></span> <span class='ocrx_word' id='word_1_101' title='bbox 221 1572 326 1615; x_wconf 91' lang='lat' dir='ltr'><strong>cursus</strong></span> <span class='ocrx_word' id='word_1_102' title='bbox 348 1555 419 1630; x_wconf 85' lang='lat' dir='ltr'><strong>init,</strong></span> 
     </span>
     <span class='ocr_line' id='line_1_17' title="bbox 151 1635 1156 1714; baseline -0.002 -15"><span class='ocrx_word' id='word_1_103' title='bbox 151 1655 218 1699; x_wconf 92' lang='lat' dir='ltr'><strong>cum</strong></span> <span class='ocrx_word' id='word_1_104' title='bbox 241 1636 339 1698; x_wconf 90' lang='lat' dir='ltr'><strong>subito</strong></span> <span class='ocrx_word' id='word_1_105' title='bbox 362 1637 525 1714; x_wconf 86' lang='lat' dir='ltr'><strong>adsurgens</strong></span> <span class='ocrx_word' id='word_1_106' title='bbox 546 1638 639 1698; x_wconf 87' lang='lat' dir='ltr'><strong>fluctu</strong></span> <span class='ocrx_word' id='word_1_107' title='bbox 661 1635 814 1698; x_wconf 92' lang='lat' dir='ltr'><strong>nimbosus</strong></span> <span class='ocrx_word' id='word_1_108' title='bbox 836 1638 929 1700; x_wconf 88' lang='lat' dir='ltr'><strong>Orion</strong></span> <span class='ocrx_word' id='word_1_109' title='bbox 1103 1645 1156 1697; x_wconf 79' lang='lat' dir='ltr'><strong>nas</strong></span> 
     </span>
     <span class='ocr_line' id='line_1_18' title="bbox 151 1720 1023 1801; baseline 0.003 -22"><span class='ocrx_word' id='word_1_110' title='bbox 151 1722 182 1780; x_wconf 95' lang='lat' dir='ltr'><strong>in</strong></span> <span class='ocrx_word' id='word_1_111' title='bbox 205 1720 277 1780; x_wconf 90' lang='lat' dir='ltr'><strong>vada</strong></span> <span class='ocrx_word' id='word_1_112' title='bbox 300 1724 493 1788; x_wconf 78' lang='lat' dir='ltr'><strong>caecarunt,</strong></span> <span class='ocrx_word' id='word_1_113' title='bbox 516 1723 693 1801; x_wconf 91' lang='lat' dir='ltr'><strong>penitusque</strong></span> <span class='ocrx_word' id='word_1_114' title='bbox 716 1721 893 1799; x_wconf 87' lang='lat' dir='ltr'><strong>procacibus</strong></span> <span class='ocrx_word' id='word_1_115' title='bbox 915 1723 1023 1783; x_wconf 88' lang='lat' dir='ltr'><strong>austris</strong></span> 
     </span>
     <span class='ocr_line' id='line_1_19' title="bbox 150 1805 967 1883; baseline 0.006 -21"><span class='ocrx_word' id='word_1_116' title='bbox 150 1821 264 1883; x_wconf 90' lang='lat' dir='ltr'><strong>perque</strong></span> <span class='ocrx_word' id='word_1_117' title='bbox 286 1805 380 1864; x_wconf 91' lang='lat' dir='ltr'><strong>undas</strong></span> <span class='ocrx_word' id='word_1_118' title='bbox 402 1811 560 1882; x_wconf 86' lang='lat' dir='ltr'><strong>superante</strong></span> <span class='ocrx_word' id='word_1_119' title='bbox 582 1805 643 1864; x_wconf 91' lang='lat' dir='ltr'><strong>salo</strong></span> <span class='ocrx_word' id='word_1_120' title='bbox 665 1823 779 1883; x_wconf 90' lang='lat' dir='ltr'><strong>perque</strong></span> <span class='ocrx_word' id='word_1_121' title='bbox 799 1807 877 1867; x_wconf 90' lang='lat' dir='ltr'><strong>invia</strong></span> <span class='ocrx_word' id='word_1_122' title='bbox 899 1824 967 1867; x_wconf 87' lang='lat' dir='ltr'><strong>saxa</strong></span> 
     </span>
     <span class='ocr_line' id='line_1_20' title="bbox 152 1887 887 1966; baseline 0.005 -19"><span class='ocrx_word' id='word_1_123' title='bbox 152 1887 287 1966; x_wconf 82' lang='lat' dir='ltr'><strong>dispulit:</strong></span> <span class='ocrx_word' id='word_1_124' title='bbox 311 1887 369 1947; x_wconf 87' lang='lat' dir='ltr'><strong>huc</strong></span> <span class='ocrx_word' id='word_1_125' title='bbox 391 1891 478 1966; x_wconf 89' lang='lat' dir='ltr'><strong>pauci</strong></span> <span class='ocrx_word' id='word_1_126' title='bbox 498 1889 603 1948; x_wconf 85' lang='lat' dir='ltr'><strong>vestris</strong></span> <span class='ocrx_word' id='word_1_127' title='bbox 625 1888 795 1950; x_wconf 88' lang='lat' dir='ltr'><strong>adnavimus</strong></span> <span class='ocrx_word' id='word_1_128' title='bbox 817 1891 887 1951; x_wconf 85' lang='lat' dir='ltr'><strong>oris.</strong></span> 
     </span>
     <span class='ocr_line' id='line_1_21' title="bbox 152 1971 1156 2050; baseline 0.004 -19"><span class='ocrx_word' id='word_1_129' title='bbox 152 1972 232 2050; x_wconf 92' lang='lat' dir='ltr'><strong>quod</strong></span> <span class='ocrx_word' id='word_1_130' title='bbox 244 1988 338 2048; x_wconf 89' lang='lat' dir='ltr'><strong>genus</strong></span> <span class='ocrx_word' id='word_1_131' title='bbox 349 1971 405 2032; x_wconf 89' lang='lat' dir='ltr'><strong>boo</strong></span> <span class='ocrx_word' id='word_1_132' title='bbox 417 1971 588 2032; x_wconf 77' lang='lat' dir='ltr'><strong>hominum?</strong></span> <span class='ocrx_word' id='word_1_133' title='bbox 603 1990 714 2050; x_wconf 89' lang='lat' dir='ltr'><strong>quaeve</strong></span> <span class='ocrx_word' id='word_1_134' title='bbox 730 1974 809 2036; x_wconf 92' lang='lat' dir='ltr'><strong>hunc</strong></span> <span class='ocrx_word' id='word_1_135' title='bbox 822 1980 882 2034; x_wconf 90' lang='lat' dir='ltr'><strong>tam</strong></span> <span class='ocrx_word' id='word_1_136' title='bbox 897 1972 1023 2034; x_wconf 84' lang='lat' dir='ltr'><strong>barbara</strong></span> <span class='ocrx_word' id='word_1_137' title='bbox 1035 1990 1156 2035; x_wconf 87' lang='lat' dir='ltr'><strong>morem</strong></span> 
     </span>
     <span class='ocr_line' id='line_1_22' title="bbox 151 2055 1158 2135; baseline 0 -19"><span class='ocrx_word' id='word_1_138' title='bbox 151 2057 299 2133; x_wconf 88' lang='lat' dir='ltr'><strong>permittit</strong></span> <span class='ocrx_word' id='word_1_139' title='bbox 320 2056 433 2135; x_wconf 89' lang='lat' dir='ltr'><strong>patriai</strong></span> <span class='ocrx_word' id='word_1_140' title='bbox 454 2055 585 2134; x_wconf 89' lang='lat' dir='ltr'><strong>hospitio</strong></span> <span class='ocrx_word' id='word_1_141' title='bbox 606 2055 799 2135; x_wconf 92' lang='lat' dir='ltr'><strong>prohibemur</strong></span> <span class='ocrx_word' id='word_1_142' title='bbox 820 2057 963 2127; x_wconf 68' lang='lat' dir='ltr'><strong>harenam</strong></span> <span class='ocrx_word' id='word_1_143' title='bbox 1104 2066 1158 2116; x_wconf 71' lang='lat'><strong>540</strong></span> 
     </span>
     <span class='ocr_line' id='line_1_23' title="bbox 152 2139 941 2218; baseline 0.01 -20"><span class='ocrx_word' id='word_1_144' title='bbox 152 2139 229 2199; x_wconf 90' lang='lat' dir='ltr'><strong>bella</strong></span> <span class='ocrx_word' id='word_1_145' title='bbox 252 2142 346 2210; x_wconf 87' lang='lat' dir='ltr'><strong>cient,</strong></span> <span class='ocrx_word' id='word_1_146' title='bbox 369 2142 523 2218; x_wconf 87' lang='lat' dir='ltr'><strong>primaque</strong></span> <span class='ocrx_word' id='word_1_147' title='bbox 546 2147 645 2200; x_wconf 86' lang='lat' dir='ltr'><strong>vetant</strong></span> <span class='ocrx_word' id='word_1_148' title='bbox 667 2144 830 2202; x_wconf 89' lang='lat' dir='ltr'><strong>consistere</strong></span> <span class='ocrx_word' id='word_1_149' title='bbox 851 2149 941 2206; x_wconf 88' lang='lat' dir='ltr'><strong>terra.</strong></span> 
     </span>
     <span class='ocr_line' id='line_1_24' title="bbox 154 2223 957 2302; baseline 0.002 -19"><span class='ocrx_word' id='word_1_150' title='bbox 154 2224 179 2283; x_wconf 92' lang='lat' dir='ltr'><strong>si</strong></span> <span class='ocrx_word' id='word_1_151' title='bbox 201 2240 294 2302; x_wconf 86' lang='lat' dir='ltr'><strong>genus</strong></span> <span class='ocrx_word' id='word_1_152' title='bbox 316 2223 478 2285; x_wconf 90' lang='lat' dir='ltr'><strong>humanum</strong></span> <span class='ocrx_word' id='word_1_153' title='bbox 499 2231 528 2284; x_wconf 91' lang='lat' dir='ltr'><strong>et</strong></span> <span class='ocrx_word' id='word_1_154' title='bbox 549 2224 684 2285; x_wconf 89' lang='lat' dir='ltr'><strong>mortalia</strong></span> <span class='ocrx_word' id='word_1_155' title='bbox 707 2227 839 2286; x_wconf 87' lang='lat' dir='ltr'><strong>temnitis</strong></span> <span class='ocrx_word' id='word_1_156' title='bbox 861 2243 957 2293; x_wconf 87' lang='lat' dir='ltr'><strong>arma,</strong></span> 
     </span>
     <span class='ocr_line' id='line_1_25' title="bbox 154 2307 948 2388; baseline 0.003 -22"><span class='ocrx_word' id='word_1_157' title='bbox 154 2314 184 2367; x_wconf 91' lang='lat' dir='ltr'><strong>at</strong></span> <span class='ocrx_word' id='word_1_158' title='bbox 205 2313 321 2386; x_wconf 85' lang='lat' dir='ltr'><strong>sperate</strong></span> <span class='ocrx_word' id='word_1_159' title='bbox 345 2308 417 2368; x_wconf 89' lang='lat' dir='ltr'><strong>deos</strong></span> <span class='ocrx_word' id='word_1_160' title='bbox 437 2325 585 2368; x_wconf 88' lang='lat' dir='ltr'><strong>memores</strong></span> <span class='ocrx_word' id='word_1_161' title='bbox 606 2307 688 2368; x_wconf 87' lang='lat' dir='ltr'><strong>landi</strong></span> <span class='ocrx_word' id='word_1_162' title='bbox 710 2318 796 2388; x_wconf 88' lang='lat' dir='ltr'><strong>atque</strong></span> <span class='ocrx_word' id='word_1_163' title='bbox 818 2307 948 2369; x_wconf 90' lang='lat' dir='ltr'><strong>nelandi.</strong></span> 
     </span>
     <span class='ocr_line' id='line_1_26' title="bbox 153 2390 853 2469; baseline 0.007 -20"><span class='ocrx_word' id='word_1_164' title='bbox 153 2408 207 2451; x_wconf 85' lang='lat' dir='ltr'><strong>rex</strong></span> <span class='ocrx_word' id='word_1_165' title='bbox 230 2397 293 2452; x_wconf 91' lang='lat' dir='ltr'><strong>erat</strong></span> <span class='ocrx_word' id='word_1_166' title='bbox 314 2394 428 2452; x_wconf 85' lang='lat' dir='ltr'><strong>Aeneas</strong></span> <span class='ocrx_word' id='word_1_167' title='bbox 448 2390 548 2460; x_wconf 84' lang='lat' dir='ltr'><strong>nobis,</strong></span> <span class='ocrx_word' id='word_1_168' title='bbox 572 2410 631 2469; x_wconf 93' lang='lat' dir='ltr'><strong>quo</strong></span> <span class='ocrx_word' id='word_1_169' title='bbox 653 2395 757 2452; x_wconf 89' lang='lat' dir='ltr'><strong>iustior</strong></span> <span class='ocrx_word' id='word_1_170' title='bbox 780 2391 853 2453; x_wconf 89' lang='lat' dir='ltr'><strong>alter</strong></span> 
     </span>
     <span class='ocr_line' id='line_1_27' title="bbox 152 2473 1162 2552; baseline 0.002 -17"><span class='ocrx_word' id='word_1_171' title='bbox 152 2493 208 2535; x_wconf 88' lang='lat' dir='ltr'><strong>nec</strong></span> <span class='ocrx_word' id='word_1_172' title='bbox 230 2477 342 2552; x_wconf 88' lang='lat' dir='ltr'><strong>pietate</strong></span> <span class='ocrx_word' id='word_1_173' title='bbox 363 2475 420 2535; x_wconf 85' lang='lat' dir='ltr'><strong>luit</strong></span> <span class='ocrx_word' id='word_1_174' title='bbox 442 2493 498 2535; x_wconf 86' lang='lat' dir='ltr'><strong>nec</strong></span> <span class='ocrx_word' id='word_1_175' title='bbox 518 2473 597 2535; x_wconf 88' lang='lat' dir='ltr'><strong>bello</strong></span> <span class='ocrx_word' id='word_1_176' title='bbox 618 2477 712 2537; x_wconf 91' lang='lat' dir='ltr'><strong>maior</strong></span> <span class='ocrx_word' id='word_1_177' title='bbox 734 2484 765 2537; x_wconf 88' lang='lat' dir='ltr'><strong>et</strong></span> <span class='ocrx_word' id='word_1_178' title='bbox 785 2477 885 2537; x_wconf 85' lang='lat' dir='ltr'><strong>armis.</strong></span> <span class='ocrx_word' id='word_1_179' title='bbox 1107 2485 1162 2537; x_wconf 69' lang='lat'><strong>546</strong></span> 
     </span>
     <span class='ocr_line' id='line_1_28' title="bbox 153 2559 937 2637; baseline 0.004 -19"><span class='ocrx_word' id='word_1_180' title='bbox 153 2577 241 2637; x_wconf 86' lang='lat' dir='ltr'><strong>quern</strong></span> <span class='ocrx_word' id='word_1_181' title='bbox 263 2560 289 2618; x_wconf 89' lang='lat' dir='ltr'><strong>si</strong></span> <span class='ocrx_word' id='word_1_182' title='bbox 309 2559 370 2619; x_wconf 89' lang='lat' dir='ltr'><strong>iata</strong></span> <span class='ocrx_word' id='word_1_183' title='bbox 392 2562 489 2620; x_wconf 86' lang='lat' dir='ltr'><strong>virum</strong></span> <span class='ocrx_word' id='word_1_184' title='bbox 511 2567 643 2635; x_wconf 86' lang='lat' dir='ltr'><strong>servant,</strong></span> <span class='ocrx_word' id='word_1_185' title='bbox 666 2561 691 2620; x_wconf 91' lang='lat' dir='ltr'><strong>si</strong></span> <span class='ocrx_word' id='word_1_186' title='bbox 713 2561 841 2620; x_wconf 86' lang='lat' dir='ltr'><strong>vescitur</strong></span> <span class='ocrx_word' id='word_1_187' title='bbox 864 2577 937 2621; x_wconf 90' lang='lat' dir='ltr'><strong>aura</strong></span> 
     </span>
    </p>
   </div>
   <div class='ocr_carea' id='block_1_3' title="bbox 152 2641 1163 2971">
    <p class='ocr_par' dir='ltr' id='par_1_3' title="bbox 153 2641 1011 2723">
     <span class='ocr_line' id='line_1_29' title="bbox 153 2641 1011 2723; baseline 0.002 -21"><span class='ocrx_word' id='word_1_188' title='bbox 153 2642 284 2703; x_wconf 86' lang='lat' dir='ltr'><strong>aetheria</strong></span> <span class='ocrx_word' id='word_1_189' title='bbox 306 2661 403 2723; x_wconf 92' lang='lat' dir='ltr'><strong>neque</strong></span> <span class='ocrx_word' id='word_1_190' title='bbox 426 2643 521 2704; x_wconf 91' lang='lat' dir='ltr'><strong>adhuc</strong></span> <span class='ocrx_word' id='word_1_191' title='bbox 543 2642 712 2704; x_wconf 86' lang='lat' dir='ltr'><strong>crudelibus</strong></span> <span class='ocrx_word' id='word_1_192' title='bbox 734 2644 860 2705; x_wconf 86' lang='lat' dir='ltr'><strong>occubat</strong></span> <span class='ocrx_word' id='word_1_193' title='bbox 882 2641 1011 2714; x_wconf 88' lang='lat' dir='ltr'><strong>umbris,</strong></span> 
     </span>
    </p>

    <p class='ocr_par' dir='ltr' id='par_1_4' title="bbox 153 2727 915 2807">
     <span class='ocr_line' id='line_1_30' title="bbox 153 2727 915 2807; baseline 0.003 -22"><span class='ocrx_word' id='word_1_194' title='bbox 153 2745 212 2786; x_wconf 93' lang='lat' dir='ltr'><strong>non</strong></span> <span class='ocrx_word' id='word_1_195' title='bbox 236 2735 341 2787; x_wconf 89' lang='lat' dir='ltr'><strong>metus.</strong></span> <span class='ocrx_word' id='word_1_196' title='bbox 384 2727 482 2788; x_wconf 85' lang='lat' dir='ltr'><strong>officio</strong></span> <span class='ocrx_word' id='word_1_197' title='bbox 505 2746 560 2788; x_wconf 92' lang='lat' dir='ltr'><strong>nec</strong></span> <span class='ocrx_word' id='word_1_198' title='bbox 581 2736 612 2787; x_wconf 90' lang='lat' dir='ltr'><strong>te</strong></span> <span class='ocrx_word' id='word_1_199' title='bbox 634 2737 761 2788; x_wconf 86' lang='lat' dir='ltr'><strong>certasse</strong></span> <span class='ocrx_word' id='word_1_200' title='bbox 783 2731 915 2807; x_wconf 88' lang='lat' dir='ltr'><strong>priorem</strong></span> 
     </span>
    </p>

    <p class='ocr_par' dir='ltr' id='par_1_5' title="bbox 152 2809 896 2887">
     <span class='ocr_line' id='line_1_31' title="bbox 152 2809 896 2887; baseline 0.005 -19"><span class='ocrx_word' id='word_1_201' title='bbox 152 2812 318 2887; x_wconf 88' lang='lat' dir='ltr'><strong>paeniteat:</strong></span> <span class='ocrx_word' id='word_1_202' title='bbox 343 2819 411 2870; x_wconf 90' lang='lat' dir='ltr'><strong>sunt</strong></span> <span class='ocrx_word' id='word_1_203' title='bbox 434 2818 462 2870; x_wconf 87' lang='lat' dir='ltr'><strong>et</strong></span> <span class='ocrx_word' id='word_1_204' title='bbox 484 2810 592 2871; x_wconf 89' lang='lat' dir='ltr'><strong>Siculis</strong></span> <span class='ocrx_word' id='word_1_205' title='bbox 614 2809 784 2886; x_wconf 89' lang='lat' dir='ltr'><strong>regionibus</strong></span> <span class='ocrx_word' id='word_1_206' title='bbox 806 2810 896 2872; x_wconf 88' lang='lat' dir='ltr'><strong>urbes</strong></span> 
     </span>
    </p>

    <p class='ocr_par' dir='ltr' id='par_1_6' title="bbox 153 2892 1163 2971">
     <span class='ocr_line' id='line_1_32' title="bbox 153 2892 1163 2971; baseline 0.008 -20"><span class='ocrx_word' id='word_1_207' title='bbox 153 2908 305 2970; x_wconf 87' lang='lat' dir='ltr'><strong>armaque,</strong></span> <span class='ocrx_word' id='word_1_208' title='bbox 329 2892 519 2971; x_wconf 86' lang='lat' dir='ltr'><strong>Troianoque</strong></span> <span class='ocrx_word' id='word_1_209' title='bbox 541 2912 556 2953; x_wconf 90' lang='lat' dir='ltr'><strong>a</strong></span> <span class='ocrx_word' id='word_1_210' title='bbox 578 2896 723 2970; x_wconf 84' lang='lat' dir='ltr'><strong>sanguine</strong></span> <span class='ocrx_word' id='word_1_211' title='bbox 746 2894 844 2954; x_wconf 90' lang='lat' dir='ltr'><strong>clarus</strong></span> <span class='ocrx_word' id='word_1_212' title='bbox 865 2896 997 2957; x_wconf 74' lang='lat' dir='ltr'><strong>Acestes.</strong></span> <span class='ocrx_word' id='word_1_213' title='bbox 1106 2906 1163 2959; x_wconf 73' lang='lat' dir='ltr'><strong>too</strong></span> 
     </span>
    </p>
   </div>
   <div class='ocr_carea' id='block_1_4' title="bbox 154 2995 1194 3561">
    <p class='ocr_par' dir='ltr' id='par_1_7' title="bbox 459 2995 855 3041">
     <span class='ocr_line' id='line_1_33' title="bbox 459 2995 855 3041; baseline 0.01 -5"><span class='ocrx_word' id='word_1_214' title='bbox 459 2995 477 3037; x_wconf 76' lang='lat' dir='ltr'><strong>s</strong></span> <span class='ocrx_word' id='word_1_215' title='bbox 648 2997 666 3037; x_wconf 76' lang='lat' dir='ltr'><strong>s</strong></span> <span class='ocrx_word' id='word_1_216' title='bbox 836 2999 855 3041; x_wconf 76' lang='lat' dir='ltr'><strong>s</strong></span> 
     </span>
    </p>

    <p class='ocr_par' dir='ltr' id='par_1_8' title="bbox 154 3057 882 3137">
     <span class='ocr_line' id='line_1_34' title="bbox 154 3057 882 3137; baseline 0.01 -20"><span class='ocrx_word' id='word_1_217' title='bbox 154 3066 321 3137; x_wconf 86' lang='lat' dir='ltr'><strong>quassatam</strong></span> <span class='ocrx_word' id='word_1_218' title='bbox 342 3060 438 3120; x_wconf 79' lang='lat' dir='ltr'><strong>ventis</strong></span> <span class='ocrx_word' id='word_1_219' title='bbox 459 3057 547 3121; x_wconf 85' lang='lat' dir='ltr'><strong>liceat</strong></span> <span class='ocrx_word' id='word_1_220' title='bbox 568 3059 735 3121; x_wconf 89' lang='lat' dir='ltr'><strong>subducere</strong></span> <span class='ocrx_word' id='word_1_221' title='bbox 759 3059 882 3124; x_wconf 84' lang='lat' dir='ltr'><strong>classem</strong></span> 
     </span>
    </p>

    <p class='ocr_par' dir='ltr' id='par_1_9' title="bbox 154 3141 883 3224">
     <span class='ocr_line' id='line_1_35' title="bbox 154 3141 883 3224; baseline 0.008 -22"><span class='ocrx_word' id='word_1_222' title='bbox 154 3148 183 3202; x_wconf 86' lang='lat' dir='ltr'><strong>ei</strong></span> <span class='ocrx_word' id='word_1_223' title='bbox 204 3141 283 3202; x_wconf 89' lang='lat' dir='ltr'><strong>silvis</strong></span> <span class='ocrx_word' id='word_1_224' title='bbox 305 3148 406 3220; x_wconf 85' lang='lat' dir='ltr'><strong>aptare</strong></span> <span class='ocrx_word' id='word_1_225' title='bbox 428 3142 529 3205; x_wconf 89' lang='lat' dir='ltr'><strong>trabes</strong></span> <span class='ocrx_word' id='word_1_226' title='bbox 551 3152 581 3204; x_wconf 89' lang='lat' dir='ltr'><strong>et</strong></span> <span class='ocrx_word' id='word_1_227' title='bbox 602 3147 749 3224; x_wconf 88' lang='lat' dir='ltr'><strong>stringere</strong></span> <span class='ocrx_word' id='word_1_228' title='bbox 770 3164 883 3218; x_wconf 87' lang='lat' dir='ltr'><strong>remos,</strong></span> 
     </span>
    </p>

    <p class='ocr_par' dir='ltr' id='par_1_10' title="bbox 154 3226 818 3311">
     <span class='ocr_line' id='line_1_36' title="bbox 154 3226 818 3311; baseline 0.006 -24"><span class='ocrx_word' id='word_1_229' title='bbox 154 3226 180 3287; x_wconf 89' lang='lat' dir='ltr'><strong>si</strong></span> <span class='ocrx_word' id='word_1_230' title='bbox 202 3226 288 3287; x_wconf 91' lang='lat' dir='ltr'><strong>datur</strong></span> <span class='ocrx_word' id='word_1_231' title='bbox 309 3227 421 3288; x_wconf 90' lang='lat' dir='ltr'><strong>ltaliam</strong></span> <span class='ocrx_word' id='word_1_232' title='bbox 443 3230 533 3289; x_wconf 91' lang='lat' dir='ltr'><strong>sociis</strong></span> <span class='ocrx_word' id='word_1_233' title='bbox 555 3236 584 3288; x_wconf 93' lang='lat' dir='ltr'><strong>et</strong></span> <span class='ocrx_word' id='word_1_234' title='bbox 605 3247 675 3307; x_wconf 90' lang='lat' dir='ltr'><strong>rege</strong></span> <span class='ocrx_word' id='word_1_235' title='bbox 697 3239 818 3311; x_wconf 89' lang='lat' dir='ltr'><strong>recepto</strong></span> 
     </span>
    </p>

    <p class='ocr_par' dir='ltr' id='par_1_11' title="bbox 154 3311 1194 3561">
     <span class='ocr_line' id='line_1_37' title="bbox 154 3311 1125 3394; baseline 0.009 -25"><span class='ocrx_word' id='word_1_236' title='bbox 154 3311 293 3382; x_wconf 90' lang='lat' dir='ltr'><strong>tendere,</strong></span> <span class='ocrx_word' id='word_1_237' title='bbox 317 3318 350 3372; x_wconf 94' lang='lat' dir='ltr'><strong>ut</strong></span> <span class='ocrx_word' id='word_1_238' title='bbox 371 3312 482 3374; x_wconf 87' lang='lat' dir='ltr'><strong>ltaliam</strong></span> <span class='ocrx_word' id='word_1_239' title='bbox 505 3312 575 3375; x_wconf 90' lang='lat' dir='ltr'><strong>laeti</strong></span> <span class='ocrx_word' id='word_1_240' title='bbox 596 3314 772 3393; x_wconf 90' lang='lat' dir='ltr'><strong>Latiumque</strong></span> <span class='ocrx_word' id='word_1_241' title='bbox 794 3321 943 3394; x_wconf 80' lang='lat' dir='ltr'><strong>petamus3</strong></span> <span class='ocrx_word' id='word_1_242' title='bbox 1121 3372 1125 3378; x_wconf 88' lang='lat'>.</span> 
     </span>
     <span class='ocr_line' id='line_1_38' title="bbox 154 3393 1194 3485; baseline 0.005 -31"><span class='ocrx_word' id='word_1_243' title='bbox 154 3394 212 3485; x_wconf 41' lang='lat' dir='ltr'><strong>sin·</strong></span> <span class='ocrx_word' id='word_1_244' title='bbox 222 3393 376 3475; x_wconf 91' lang='lat' dir='ltr'><strong>absumpta</strong></span> <span class='ocrx_word' id='word_1_245' title='bbox 398 3396 491 3467; x_wconf 91' lang='lat' dir='ltr'><strong>salus,</strong></span> <span class='ocrx_word' id='word_1_246' title='bbox 516 3405 543 3459; x_wconf 88' lang='lat' dir='ltr'><strong>et</strong></span> <span class='ocrx_word' id='word_1_247' title='bbox 565 3405 609 3467; x_wconf 88' lang='lat' dir='ltr'><strong>te,</strong></span> <span class='ocrx_word' id='word_1_248' title='bbox 633 3407 717 3477; x_wconf 88' lang='lat' dir='ltr'><strong>pater</strong></span> <span class='ocrx_word' id='word_1_249' title='bbox 739 3405 858 3476; x_wconf 92' lang='lat' dir='ltr'><strong>optume</strong></span> <span class='ocrx_word' id='word_1_250' title='bbox 879 3400 1046 3473; x_wconf 85' lang='lat' dir='ltr'><strong>Teucrum,</strong></span> <span class='ocrx_word' id='word_1_251' title='bbox 1108 3410 1163 3465; x_wconf 72' lang='lat' dir='ltr'><strong>m</strong></span> <span class='ocrx_word' id='word_1_252' title='bbox 1190 3452 1194 3459; x_wconf 89' lang='lat'>.</span> 
     </span>
     <span class='ocr_line' id='line_1_39' title="bbox 154 3478 951 3561; baseline 0.006 -22"><span class='ocrx_word' id='word_1_253' title='bbox 154 3478 263 3558; x_wconf 73' lang='lat' dir='ltr'><strong>pontus</strong></span> <span class='ocrx_word' id='word_1_254' title='bbox 284 3478 372 3540; x_wconf 89' lang='lat' dir='ltr'><strong>habet</strong></span> <span class='ocrx_word' id='word_1_255' title='bbox 393 3480 501 3556; x_wconf 77' lang='lat' dir='ltr'><strong>Libyae</strong></span> <span class='ocrx_word' id='word_1_256' title='bbox 523 3499 578 3542; x_wconf 91' lang='lat' dir='ltr'><strong>nec</strong></span> <span class='ocrx_word' id='word_1_257' title='bbox 600 3499 667 3561; x_wconf 91' lang='lat' dir='ltr'><strong>spes</strong></span> <span class='ocrx_word' id='word_1_258' title='bbox 688 3483 747 3542; x_wconf 90' lang='lat' dir='ltr'><strong>iam</strong></span> <span class='ocrx_word' id='word_1_259' title='bbox 769 3491 861 3544; x_wconf 86' lang='lat' dir='ltr'><strong>restat</strong></span> <span class='ocrx_word' id='word_1_260' title='bbox 881 3482 951 3553; x_wconf 86' lang='lat' dir='ltr'><strong>lull,</strong></span> 
     </span>
    </p>
   </div>
   <div class='ocr_carea' id='block_1_5' title="bbox 0 0 1212 3878">
    <p class='ocr_par' dir='ltr' id='par_1_12' title="bbox 0 0 1212 3878">
     <span class='ocr_line' id='line_1_40' title="bbox 0 0 1212 3878; baseline 0 0"><span class='ocrx_word' id='word_1_261' title='bbox 0 0 1212 3878; x_wconf 95' lang='lat' dir='ltr'><strong> </strong></span> 
     </span>
    </p>
   </div>
  </div>
 </body>
</html>
