2400 3878
141 184 200 249 180
480 195 622 243 venerer
637 193 763 243 annuis
781 195 802 241 v

138 364 201 414 arte
222 350 319 410 locum
345 360 374 412 et
391 352 476 411 variis
498 349 659 410 adsultibus
679 352 784 412 inritus
802 362 918 427 urguet

139 434 264 495 ostendit
287 433 421 495 dextram
443 436 599 512 insurgens
616 432 747 493 Entellus
770 444 799 494 et
817 433 874 493 alte

139 517 254 580 extulit:
275 516 323 576 ille
345 520 435 578 ictum
457 520 619 577 venientem
640 534 657 575 a
678 519 786 577 vertice
805 515 888 576 velox

138 602 281 679 praevidit
306 602 452 679 celerique
474 601 590 678 elapsus
611 618 736 676 corpore
759 603 860 667 cessit:

121 684 269 745 'Entellus
292 687 367 745 vires
387 686 416 744 in
437 695 554 745 ventum
579 684 693 751 alludit,
718 693 747 744 et
765 684 841 745 ultre

139 772 201 845 ipse
223 768 319 844 gravis
343 769 526 846 graviterque
547 768 583 827 ad
604 778 713 826 terram
732 769 864 844 pondera
885 777 964 827 vasto

139 852 279 919 concidit,
302 862 334 910 ut
358 852 505 929 quondant
527 869 595 911 cava
618 851 743 910 concidit
767 862 816 911 aut
837 850 1017 929 Erymantho

139 946 189 993 aut
210 934 259 993 lda
282 935 310 992 in
336 954 439 1011 magna
462 934 608 994 radicibus
628 946 710 995 eruta
731 936 826 1013 pinus.

140 1026 321 1093 consurgunt
343 1020 443 1079 studiis
466 1018 573 1077 Teucri
596 1027 624 1077 et
645 1017 795 1077 Trinacria
813 1018 923 1096 pubes:

139 1102 161 1159 it
183 1100 292 1159 clamer
318 1102 413 1171 caelu,
437 1103 608 1178 primusque
629 1103 756 1161 accurrit
777 1105 895 1161 Acestes

139 1202 375 1262 aequacromquc
398 1186 434 1244 ab
453 1186 542 1245 ltuino
565 1186 706 1243 miserans
729 1183 831 1245 attollit
851 1185 985 1244 amicum.

139 1280 168 1327 at
183 1285 242 1325 nun
264 1270 396 1328 tardatus
418 1286 488 1328 casu
511 1287 607 1345 neque
627 1268 744 1329 territus
766 1268 853 1327 heros

139 1351 235 1410 acrior
255 1350 292 1410 ad
316 1370 443 1429 pugnam
463 1351 539 1410 redit
561 1369 595 1410 ac
615 1353 672 1410 vim
693 1352 813 1412 suscitat
834 1353 877 1410 ira

139 1438 211 1508 (tuni
234 1434 329 1510 pudor
352 1436 481 1495 inceudit
499 1436 575 1494 sires
598 1446 626 1494 et
648 1436 763 1495 conscia
785 1436 902 1512 virtuslz

138 1518 389 1597 praecipitemque
410 1520 507 1580 Daren
530 1519 635 1578 ardens
654 1519 713 1596 agit
733 1536 862 1595 aequore
884 1524 945 1575 teto

139 1619 218 1660 nunc
240 1602 341 1661 dextra
365 1604 548 1680 ingeminans
566 1603 655 1669 ictus,
679 1620 757 1661 nuirc
774 1600 821 1661 ille
844 1600 969 1660 sinistra.

140 1705 194 1746 nec
216 1705 298 1746 incra
322 1704 377 1746 nec
399 1688 532 1763 requies:
556 1704 642 1762 quani
665 1685 755 1745 multa
774 1684 916 1760 grandine
934 1682 1027 1744 nintbi

140 1769 315 1830 culminibus
335 1770 491 1845 crepitant,
515 1771 557 1828 sic
580 1768 676 1827 densis
696 1767 802 1828 ictibus
826 1768 914 1828 beros

140 1852 243 1913 creber
267 1863 393 1930 utraque
415 1870 502 1910 manu
524 1851 618 1928 pulsat
639 1859 794 1930 versatque
813 1851 927 1911 Dareta.

141 1947 201 1994 tum
224 1944 306 2011 pater
325 1938 437 1995 deneas
460 1935 621 2011 precedere
643 1933 758 2012 longius
780 1936 838 1995 iras

142 2031 170 2078 et
192 2020 302 2077 saevire
324 2018 427 2078 animis
449 2016 595 2078 Entellum
617 2020 674 2078 bau
697 2032 803 2095 passus·
818 2015 948 2083 acerbis,

141 2102 191 2161 sed
211 2103 299 2161 finem
322 2102 449 2178 inposuit
471 2119 587 2179 pugnae
608 2103 776 2179 fessumque
797 2101 903 2161 Dareta

141 2186 246 2261 eripuit
265 2186 398 2246 mulcens
419 2186 516 2253 dictis,
539 2204 574 2244 ac
596 2185 662 2245 talia
684 2186 775 2246 latur:

141 2268 268 2336 ‘inlelin,
291 2289 365 2348 quae
388 2278 464 2328 tanta
488 2271 616 2328 animum
638 2269 781 2329 dementia
805 2267 900 2345 cepit?

140 2369 199 2411 nan
222 2354 297 2412 vires
317 2353 388 2413 alias
410 2371 609 2430 conversaque
630 2353 750 2413 numina
771 2351 878 2413 sentiat

141 2437 212 2497 cede
234 2434 314 2495 deu’
359 2436 488 2514 dixitque
510 2446 538 2496 et
561 2436 673 2513 proelia
696 2454 765 2496 voce
784 2434 908 2496 diremit.

141 2531 185 2579 ast
204 2519 285 2580 illum
306 2521 355 2580 ddi
375 2519 525 2598 aequales,
553 2538 647 2596 genua
666 2538 753 2596 aegra
776 2518 939 2578 trahentem

140 2606 354 2682 ¹iactantemque
377 2614 502 2682 utruque
526 2611 612 2680 caput
635 2621 824 2681 crassumque
845 2617 983 2661 cruorem

141 2705 193 2748 cre
214 2690 387 2747 eiectantem
410 2690 574 2765 mixtusque
592 2690 621 2747 in
640 2687 781 2764 sanguine
804 2685 917 2753 dentes,

141 2770 252 2831 ducunt
271 2771 307 2831 ad
329 2773 423 2838 nasis,
447 2770 617 2847 galeamque
637 2788 794 2848 ensemque
815 2768 909 2828 vocati

141 2854 299 2930 accipiunt,
322 2853 449 2929 palmam
467 2853 579 2911 Entello
602 2862 776 2929 taurumque
798 2851 951 2912 relincunt.

141 2935 188 2994 nic
210 2937 316 3005 victor,
339 2953 481 3011 superans
499 2937 601 2994 animis
624 2946 766 3012 tauroque
784 2933 929 3012 superbus

142 3028 224 3078 ‘nate
244 3018 298 3078 dea
321 3035 430 3094 vesque
452 3016 536 3076 baec’
559 3019 651 3094 inquit
673 3020 872 3095 ‘cognuscite,
895 3015 1017 3086 Teucri,

141 3110 169 3160 et
192 3101 261 3162 mihi
285 3119 359 3178 quae
382 3102 489 3161 luerint
510 3101 633 3160 iuvenali
653 3104 682 3159 in
700 3119 825 3179 corpure
838 3103 915 3161 vires

141 3195 170 3244 et
190 3203 246 3262 qua
270 3187 390 3245 servetis
411 3194 579 3245 revocatum
600 3203 616 3242 a
639 3194 732 3245 morte
756 3182 885 3245 Dareta!

141 3269 224 3336 dixit,
251 3277 279 3328 et
299 3269 412 3329 adversi
431 3278 532 3328 contra
553 3269 630 3327 stetit
652 3286 703 3327 cra
724 3269 852 3332 iuvenci.

141 3354 190 3428 qui
210 3353 320 3412 donum
341 3352 453 3413 astabat
473 3370 603 3429 pugnae,
630 3353 778 3429 durosque
798 3357 919 3410 reducta

140 3435 253 3496 libravit
276 3436 376 3496 dextra
399 3436 493 3496 nredia
513 3436 587 3494 inter
610 3453 720 3495 cernua
743 3444 871 3504 caestus,
