2400 3878
467 217 611 266 venem
625 217 753 267 aluums
767 218 831 266 VIII

108 395 110 399 ·
139 389 220 436 nunc
238 371 375 435 manibus
395 373 513 453 rapidis,
535 373 614 435 omni
636 390 715 433 nunc
737 380 800 433 arte
822 374 970 451 magistra,

137 455 467 544 praecipitatemoras!
499 474 555 519 nec
575 458 661 537 plura
681 457 800 525 ciratus:
824 457 912 517 atilli

139 540 222 602 ocius
243 539 406 603 Incubuere
427 559 530 603 omnes
549 543 720 621 pariterque
741 539 874 602 laborem

139 624 244 685 sortiti.
277 621 341 685 fluit
361 642 412 688 aes
432 626 502 686 rivis
524 627 648 706 aurique
666 623 826 696 metallum,

138 706 349 786 volnificusque
371 708 490 790 chalyps
511 717 590 771 vasta
611 710 733 770 fornace
753 708 897 790 liquoseic

137 792 288 870 ingentem
310 792 437 871 ellpeum
459 792 628 863 informant,
648 812 741 854 unum
759 794 857 854 omnia
879 801 981 854 contra

138 873 197 937 tela
219 874 398 946 Latinorum,
420 886 616 956 septenosque
638 876 760 939 orbibus
783 876 873 938 orbes

142 958 316 1037 impediunt.
350 959 397 1021 alii
419 962 544 1023 ventosis
564 960 684 1022 follibus
706 979 794 1022 auras

139 1043 287 1122 accipiunt
305 1043 499 1124 redduntque,
523 1044 570 1105 alii
593 1045 744 1106 stridentia
766 1045 882 1124 tingunt

139 1143 208 1187 aera
226 1124 301 1187 lacu.
333 1130 424 1204 gemit
445 1129 587 1207 impositis
607 1129 765 1190 lncudibus
786 1136 914 1190 anuum.

138 1209 179 1270 illi
197 1210 275 1271 inter
293 1228 358 1272 sese
380 1211 517 1274 multari
538 1212 677 1274 bracchia
700 1212 807 1274 tollunt

138 1292 345 1356 innumerum
366 1304 543 1376 versantque
563 1300 660 1358 tenaci
682 1298 795 1375 forcipe
817 1314 952 1357 massam.

180 1376 260 1439 llaec
280 1385 365 1457 pater
386 1379 494 1441 Aeoliis
514 1388 655 1458 properat
673 1381 744 1442 dum
766 1381 905 1440 Lemnius
922 1381 992 1449 oris,

137 1459 310 1522 Euandrum
332 1480 368 1522 ex
389 1461 492 1525 humili
508 1469 588 1524 tecto
611 1465 658 1519 lux
682 1467 809 1525 suscitat
823 1462 897 1523 alma

138 1551 168 1605 et
187 1546 322 1606 matutiui
343 1545 497 1608 volucrum
518 1556 573 1607 sun
596 1548 722 1607 culmine
742 1551 855 1610 canius,

137 1629 290 1706 consurgit
310 1631 407 1690 sanior
427 1632 584 1708 tunicaque
607 1629 754 1690 inducitur
776 1635 856 1689 artus

137 1721 168 1773 et
188 1711 340 1792 Tyrrhena
357 1710 475 1792 pedum
487 1712 651 1775 circumdat
670 1710 784 1774 vincula
806 1711 928 1791 plantis:

137 1801 200 1856 tum
220 1795 305 1857 lateri
322 1803 410 1876 atque
428 1799 537 1859 umeris
556 1798 722 1876 Tegeaeum
741 1796 867 1875 subligat
885 1795 995 1866 ensem,

138 1878 263 1940 demissa
284 1880 321 1941 ab
343 1882 425 1942 laeva
447 1883 610 1960 pantherea
630 1889 714 1958 terga
733 1888 917 1960 retorquens.

138 1979 194 2024 nec
215 1981 274 2024 non
296 1971 325 2026 et
346 1967 456 2044 gemini
474 1965 610 2027 custodes
630 1965 731 2027 ilmina
750 1965 787 2026 ab
809 1965 869 2027 alto

135 2047 318 2125 praecedunt
339 2065 532 2128 gressumque
554 2068 641 2110 canes
662 2051 838 2112 comitantur
860 2047 971 2109 erilem.

136 2130 259 2208 hospitis
279 2132 394 2194 Aeneae
413 2133 514 2194 sedem
536 2140 564 2194 et
585 2141 698 2218 secreta
719 2132 838 2213 petebat

135 2231 306 2276 sermonum
327 2235 442 2277 memor
464 2224 493 2279 et
513 2220 653 2297 promissi
674 2218 804 2279 muneris
824 2214 923 2277 heros.

137 2315 194 2359 nec
214 2300 313 2361 minus
334 2303 448 2362 Aeneas
468 2319 500 2363 se
521 2303 679 2362 matutinus
699 2301 814 2379 agebat.

135 2379 211 2442 filius
230 2381 299 2443 huic
323 2383 425 2454 Pallas,
448 2384 490 2445 illi
512 2404 611 2447 comes
632 2385 693 2445 ibat
713 2385 847 2444 Achates.

136 2468 288 2542 congressi
309 2468 433 2546 iungunt
454 2467 571 2529 dextras
594 2468 756 2545 mediisque
775 2465 909 2525 residunt

135 2549 256 2611 aedibus
279 2558 308 2611 et
328 2550 408 2612 licito
427 2552 544 2614 tandem
566 2569 703 2613 sermone
723 2549 871 2610 fruuntur.

134 2651 189 2695 rex
208 2635 293 2712 prior
316 2634 403 2697 haec:

134 2724 288 2780 ‘maxume
306 2717 491 2782 Teucrorum
512 2720 626 2789 ductor,
647 2734 706 2794 quo
728 2720 838 2794 sospite
858 2732 1019 2792 numquam

134 2816 183 2861 res
205 2803 340 2880 equidem
360 2803 466 2865 Troiae
488 2806 578 2864 rictas
599 2810 648 2863 aut
669 2819 760 2879 regna
783 2799 907 2869 fatebor,

134 2883 220 2944 nohis
242 2885 277 2946 ad
299 2885 368 2948 belli
391 2887 530 2948 auxilium
552 2887 747 2965 pronomine
769 2892 851 2945 tanto

135 2969 259 3046 exiguae
278 2971 368 3032 vires:
391 2970 460 3031 hinc
481 2971 577 3031 Tusco
597 2970 760 3032 claudimur
783 2970 870 3038 amni,

133 3048 204 3111 hinc
225 3052 350 3115 Rutulus
369 3055 478 3133 premit
500 3060 530 3115 et
547 3072 666 3115 murum
689 3056 886 3115 circumsonat
905 3053 1003 3112 armis.

134 3133 187 3195 sed
207 3134 261 3199 tibi
282 3155 337 3215 ego
358 3139 484 3216 ingentis
503 3137 629 3217 populos
650 3137 847 3215 opulentaque
868 3135 968 3211 regnis

133 3217 257 3296 iungere
278 3229 373 3281 castra
395 3239 478 3298 paro,
501 3239 590 3298 quam
607 3222 669 3280 iors
687 3221 806 3296 inopina
828 3213 951 3275 salutem

133 3308 275 3364 mentm:
297 3304 364 3364 latis
379 3304 438 3365 huc
459 3312 488 3364 te
509 3303 698 3382 poscentibus
719 3301 826 3361 adiers.

133 3381 204 3445 haut
225 3387 330 3466 procul
351 3388 420 3448 hinc
439 3404 509 3448 saxo
531 3387 669 3447 incolitur
684 3381 805 3445 lundata
825 3386 939 3440 vetusto

136 3466 215 3529 urbis
234 3469 384 3551 Agyllinae
405 3469 499 3540 sedes,
518 3469 570 3530 ubi
592 3468 681 3547 Lydia
699 3465 846 3546 quondam
