2454 3936
152 201 207 264 118
488 211 630 260 v'nncrnr
651 210 776 258 anunm
799 211 826 257 11

145 372 181 431 ad
203 368 316 430 caelum
338 371 461 432 tendens
482 369 612 430 ardentia
634 366 744 427 lumina
766 367 890 437 frustra,

145 451 268 522 lumina,
293 470 361 514 nam
382 461 499 515 teneras
520 451 660 513 arcebant
680 449 794 510 vincula
816 449 936 529 palmas.

145 555 204 597 non
222 536 288 598 tulit
309 538 384 599 hanc
407 540 535 616 speciem
559 536 663 597 furiata
684 541 782 595 mente
802 535 966 607 Coroebus,

146 630 175 682 et
197 639 262 681 sese
284 622 412 682 medium
435 622 533 682 iniecit
554 622 703 697 periturus
723 619 753 678 in
776 636 889 697 agmen.

145 707 352 783 consequimur
375 707 471 768 cuncti
493 714 521 766 et
544 705 641 764 densis
661 703 839 763 incurrimus
858 706 956 765 annis.

144 787 191 848 hic
212 791 339 867 primum
360 809 395 850 ex
418 789 475 849 alto
497 787 613 849 delubri
635 786 762 847 culmine
782 785 847 846 telis

143 880 314 932 nostrorum
338 873 506 943 obruimur,
526 873 677 950 oriturque
699 871 863 930 miserrima
886 874 991 936 caedes

144 974 296 1016 armorum
319 958 392 1017 facie
415 967 443 1018 et
462 957 616 1018 Graiarum
638 973 741 1016 errore
760 954 906 1017 iubarum.

144 1047 206 1099 tum
230 1040 320 1101 Danai
342 1044 452 1116 gemitu
475 1048 561 1119 atque
583 1050 701 1117 ereptae
724 1039 842 1115 virginis
863 1043 906 1102 ira

143 1124 272 1202 undique
295 1124 408 1185 collecti
430 1126 582 1192 invadunt,
604 1124 765 1184 acerrimus
787 1123 858 1182 Aiax

144 1215 171 1268 et
193 1209 301 1285 gemini
321 1209 439 1270 Atridae
460 1208 663 1286 Dolopumque
686 1207 831 1268 exercitus
854 1211 957 1280 omnis,

144 1292 257 1352 adversi
280 1299 368 1371 rupto
391 1311 443 1353 ceu
464 1294 612 1371 quondam
634 1290 751 1351 turbine
771 1293 849 1351 venti

144 1375 319 1455 confligunt,
343 1376 551 1456 Zephyrusque
573 1375 724 1454 Notusque
746 1383 774 1436 et
795 1373 888 1437 laetus
909 1378 969 1438 eois

142 1459 239 1520 Eurus
262 1461 359 1540 equis;
382 1461 509 1522 stridunt
530 1459 635 1530 silvae,
654 1460 803 1539 saevitque
826 1461 946 1522 tridenti

142 1562 281 1621 spumeus
304 1555 390 1624 atque
413 1548 471 1606 imo
493 1544 606 1606 Nereus
628 1544 684 1605 ciet
705 1560 833 1622 aequora
855 1544 955 1606 tundo.

142 1627 183 1687 illi
204 1631 305 1698 etiam,
331 1631 430 1707 siquos
452 1629 577 1691 obscura
599 1636 686 1689 nocte
707 1646 761 1707 per
783 1627 919 1690 umbram

143 1711 270 1772 ludimus
291 1714 402 1772 insidiis
424 1722 542 1791 totaque
565 1714 735 1789 agitavimus
757 1711 846 1784 urbe,

143 1803 299 1873 apparent;
323 1796 430 1855 Priami
452 1796 561 1873 clipeos
583 1797 762 1872 mentitaque
782 1795 839 1857 tela

143 1879 327 1956 adgnoscunt
347 1887 434 1958 atque
457 1897 508 1939 ora
531 1897 602 1938 sono
626 1879 772 1940 discordia
795 1881 919 1959 signant.

141 1960 220 2022 ilicet
241 1962 394 2023 obruimur
413 1981 554 2031 numero;
578 1964 748 2042 primusque
771 1963 923 2038 Coroebus

141 2045 259 2107 Penelei
282 2048 385 2108 dextra
408 2048 490 2109 divae
513 2049 714 2125 armipotentis
737 2049 772 2108 ad
795 2066 877 2109 aram

141 2131 323 2208 procumbit;
347 2132 424 2193 cadit
445 2140 474 2193 et
497 2132 643 2211 Dipheus,
667 2134 840 2193 iustissimus
861 2150 938 2192 unus

141 2216 191 2292 qui
213 2216 267 2275 luit
288 2217 317 2275 in
339 2215 460 2277 Teucris
483 2224 512 2278 et
533 2218 767 2278 servantissimus
790 2217 874 2294 aequi
951 2229 953 2233 ‘

141 2296 195 2376 (dis
214 2298 297 2360 aliter
318 2300 437 2379 visum);
459 2309 585 2378 pereunt
606 2302 793 2380 Hypanisque
813 2300 976 2380 Dymasque

141 2384 247 2444 confixi
269 2403 284 2443 a
307 2384 408 2452 sociis;
431 2393 536 2445 necte
559 2393 606 2445 tua
628 2386 769 2464 plurima,
791 2382 920 2454 Panthu,

139 2465 286 2529 labentem
307 2469 400 2546 pietas
421 2487 477 2530 nec
498 2468 637 2546 Apollinis
658 2469 750 2530 insula
771 2468 860 2528 texit..

139 2551 218 2613 lliaci
236 2554 350 2614 cineres
369 2562 397 2614 et
419 2553 536 2616 llamma
559 2562 690 2616 extrema
710 2571 860 2623 meorum,

139 2642 246 2706 testor,
269 2638 298 2697 in
320 2656 427 2700 occasu
449 2647 547 2701 vestro
571 2657 625 2700 nec
647 2637 703 2700 tela
724 2656 780 2700 nec
801 2636 875 2698 ullas

140 2722 272 2781 vitavisse
292 2723 382 2792 vices,
405 2722 538 2784 Danaum
559 2731 605 2792 et,
628 2724 652 2782 si
674 2723 732 2782 iata
755 2722 892 2788 luissent,

140 2810 172 2862 ut
193 2804 330 2863 caderem
352 2804 495 2867 meruisse
517 2823 615 2866 manu.
659 2803 822 2864 divellimur
844 2801 911 2862 inde

139 2883 250 2961 lphitus
273 2896 301 2945 et
320 2887 414 2946 Pelias
436 2906 552 2948 mecum
576 2887 712 2964 (quorum
731 2886 843 2962 Iphitus
865 2901 935 2944 aevo

138 2968 196 3027 iam
218 2971 348 3045 gravior,
370 2968 463 3029 Pelias
484 2977 512 3048 et
533 2968 653 3029 volnere
671 2969 773 3029 tardus
794 2966 895 3046 Ulixi),

138 3052 272 3128 protinus
295 3053 330 3112 ad
353 3052 437 3113 sedes
459 3053 568 3113 Priami
591 3051 719 3113 clamore
740 3052 843 3113 vocati.

137 3135 186 3198 hic
207 3153 276 3197 vero
298 3137 445 3217 ingentem
465 3154 608 3217 pugnam,
631 3155 684 3198 ceu
706 3143 804 3198 cetera
824 3153 968 3215 nusquam

138 3216 214 3280 bella
237 3219 349 3293 lorent,
372 3219 443 3282 nulli
463 3230 523 3282 tota
545 3230 732 3283 morerentur
756 3223 786 3282 in
808 3219 897 3291 urbo,

138 3302 180 3364 sic
201 3303 323 3366 Martem
344 3301 517 3367 indomitum
540 3307 713 3383 Danaosque
736 3306 772 3367 ad
791 3312 869 3367 tecta
888 3308 1000 3366 ruentis

138 3388 286 3456 cernimus
309 3390 521 3471 obsessumque
544 3397 607 3452 acta
632 3391 778 3453 testudine
799 3390 897 3451 limen.

136 3469 260 3534 haerent
279 3475 439 3553 parietibus
462 3475 571 3547 scalae,
594 3478 745 3556 postisque
765 3475 819 3538 sub
841 3478 920 3554 ipsos
