2400 3878
408 231 550 280 vnnornr
572 232 696 281 annms
719 234 741 280 v
1020 219 1077 281 187

65 405 152 466 quern
170 387 268 447 docuit
289 385 436 464 multaque
459 387 601 462 insignem
622 386 749 446 reddidit
767 393 829 447 arte
1026 395 1077 450 tos

66 470 130 550 (bac
150 487 291 547 responsa
310 469 398 529 dabat
417 468 460 529 vel
483 487 557 546 quae
577 469 767 548 portenderet
787 471 830 529 ira

65 570 169 629 magna
191 553 277 613 deum
297 551 342 612 vel
364 571 438 630 quae
459 552 585 612 latorum
607 558 742 629 posceret
764 553 862 630 ordo),

64 655 147 714 rsque
168 637 213 696 bis
235 636 353 695 Aenean
375 635 483 696 solatus
507 635 625 695 vocibus
645 635 720 694 iniit:

66 727 147 779 ‘nate
170 719 239 787 dea,
259 737 317 796 quo
338 720 394 778 fata
415 719 535 778 trahunt
557 718 769 796 retrahuntque
791 735 964 795 sequamur;

65 803 204 879 quidquid
227 803 295 870 erit,
319 801 483 878 superanda
506 803 599 861 omnis
620 802 735 861 fortuna
759 800 881 861 ferendo
904 809 955 862 est.
1026 812 1076 867 llo

66 894 109 945 est
131 884 181 945 tibi
203 885 365 945 Dardanius
388 885 500 945 divinae
518 886 615 962 stirpis
633 886 759 944 Acestes.

64 969 142 1029 hunc
165 986 236 1045 cape
258 968 383 1028 consiliis
406 969 519 1028 socium
542 976 569 1027 ct
592 969 736 1043 coniunge
758 965 917 1035 volentem,

65 1053 132 1112 huic
153 1051 236 1112 trade
259 1052 372 1111 arnissis
394 1059 534 1128 superant
555 1052 604 1128 qui
627 1050 748 1111 navibus
771 1056 800 1110 et
820 1044 892 1127 quos

64 1141 230 1212 pertaesum
252 1136 349 1212 magni
372 1135 479 1212 incepti
499 1152 658 1212 rerumque
679 1141 795 1193 tuarum
818 1142 876 1202 est,

64 1217 277 1295 longaevosque
298 1235 382 1279 senes
405 1237 439 1278 ac
461 1217 551 1278 lessas
570 1236 697 1298 aequore
719 1225 826 1276 matres

65 1309 92 1360 et
115 1300 252 1378 quidquid
275 1309 373 1360 tecum
393 1299 549 1369 invalidum
571 1309 762 1378 metuensque
784 1299 886 1376 pericli
908 1306 951 1359 est

64 1383 173 1458 delige,
197 1391 225 1443 et
245 1384 290 1442 his
312 1383 437 1443 habeant
458 1384 544 1443 terris
564 1385 626 1443 sine
644 1383 758 1442 moenia
777 1381 860 1441 fessi:

64 1466 168 1525 urbem
191 1465 377 1543 appellabunt
398 1467 541 1542 permisso
562 1467 680 1525 nomine
701 1462 860 1523 Acestam'

106 1548 224 1609 Talibus
242 1549 379 1608 incensus
403 1547 490 1607 dictis
506 1547 629 1606 senioris
651 1548 735 1606 amici

64 1640 126 1692 tum
148 1649 218 1692 vero
240 1632 269 1690 in
290 1648 375 1691 curas
396 1632 492 1691 animo
511 1629 656 1690 diducitur
678 1629 780 1689 omnis.

65 1725 93 1775 et
115 1715 177 1774 Nox
199 1721 261 1774 atra
279 1713 378 1791 polum
400 1714 473 1789 bigis
495 1713 632 1773 subvecta
653 1711 771 1772 tenebat

64 1799 122 1858 visa
146 1797 251 1858 debinc
274 1797 354 1863 caelo
376 1797 464 1857 facies
485 1795 602 1874 delapsa
625 1795 753 1873 parentis

65 1881 205 1940 Anchisae
224 1880 320 1940 subito
339 1879 403 1941 talis
425 1879 573 1939 ellundere
595 1897 693 1940 voces:

66 1972 161 2033 ‘nate,
185 1964 254 2023 mibi
276 1965 333 2024 vita
356 1963 520 2042 quondam,
540 1963 610 2022 dum
632 1964 688 2022 vita
708 1961 858 2031 manebat,

65 2065 132 2108 care
154 2049 260 2122 magis,
285 2053 366 2116 nate,
390 2046 483 2107 lliacis
505 2046 631 2106 exercite
653 2045 733 2114 latis,

66 2132 189 2208 imperio
211 2131 285 2190 lovis
306 2129 365 2190 buc
387 2131 487 2198 venio,
512 2129 560 2207 qui
585 2128 725 2188 classibus
746 2130 845 2205 ignem

64 2212 188 2290 depulit,
211 2219 240 2273 et
261 2212 341 2273 caelo
362 2213 479 2273 tandem
501 2213 654 2272 miseratus
675 2211 712 2272 ab
735 2211 793 2272 alto
817 2221 869 2272 est.

65 2295 191 2356 consiliis
213 2313 299 2374 pare,
321 2315 396 2374 quae
412 2314 491 2356 nunc
512 2295 708 2372 pulcherrima
730 2295 838 2356 Nautes

65 2379 113 2438 dat
134 2380 245 2439 senior:
267 2379 358 2439 lectos
380 2380 513 2447 iuvenes,
534 2379 688 2439 fortissima
711 2379 817 2447 corda,

65 2462 146 2522 deser
168 2463 197 2521 in
220 2462 338 2522 ltaliam.
383 2478 455 2538 gens
478 2461 550 2521 dura
571 2468 658 2539 atque
682 2478 786 2537 aspera
808 2460 887 2520 cultu

66 2545 235 2605 debellanda
257 2545 308 2605 tibi
331 2552 375 2604 est
395 2545 485 2604 Latio.
530 2544 600 2603 Ditis
622 2550 718 2602 tamen
739 2550 806 2602 ante

64 2628 192 2688 infernas
212 2629 318 2688 accede
336 2626 438 2686 domos
459 2636 487 2687 et
508 2626 621 2685 Averna
643 2643 696 2701 per
717 2625 773 2684 alta

65 2727 239 2788 congressus
259 2717 340 2789 pete,
360 2717 441 2778 nate,
464 2726 553 2769 meos.
598 2726 656 2767 non
679 2726 726 2766 me
747 2708 834 2784 impia
857 2724 982 2784 namque

64 2793 187 2855 Tartara
208 2793 318 2854 babent
338 2795 436 2853 tristes
458 2790 596 2861 umbrae,
618 2791 670 2852 sed
691 2808 813 2851 amoena
835 2792 950 2866 piorum

65 2877 186 2938 concilia
205 2877 391 2955 Elysiumque
414 2875 487 2936 colo.
532 2873 590 2934 huc
613 2885 690 2935 casta
712 2873 818 2952 Sibylla
1024 2879 1075 2934 735

64 2962 215 3037 nigrarum
235 2960 325 3021 multo
347 2959 492 3036 pecudum
513 2966 542 3018 te
564 2960 705 3036 sanguine
725 2958 821 3018 ducet.

64 3050 126 3104 tum
149 3061 240 3122 genus
262 3061 348 3103 omne
365 3051 447 3103 tuum
470 3050 498 3102 et
520 3061 594 3119 quae
617 3042 722 3102 dentur
744 3040 858 3100 moenia
881 3038 984 3098 disces.

64 3128 180 3204 iamque
200 3126 274 3194 vale:
295 3133 412 3204 torquet
432 3126 545 3185 medios
566 3125 629 3186 Nor
651 3125 749 3184 umida
769 3139 884 3189 cursus,

66 3214 95 3268 et
114 3227 162 3269 me
182 3227 283 3269 saevos
302 3211 384 3287 equis
408 3209 511 3269 Oriens
534 3208 649 3269 adssavit
670 3205 806 3267 anhelis'

66 3290 191 3361 dixerat,
219 3297 248 3352 et
268 3294 362 3352 tenuis
384 3293 457 3370 fugit
479 3310 533 3351 ceu
554 3292 650 3351 lunius
672 3293 701 3351 in
722 3307 816 3349 auras.
1024 3294 1076 3349 rto

65 3375 177 3434 Aeneas
199 3384 271 3452 ‘quo
295 3374 398 3435 deinde
419 3375 500 3435 ruisi
522 3393 579 3452 quo
602 3371 759 3451 proripisi'
782 3372 889 3450 inquit,

67 3465 170 3535 ‘quem
191 3456 285 3536 iugis?
307 3465 356 3516 aut
379 3460 442 3535 quis
460 3465 489 3518 te
510 3456 618 3518 nostris
638 3455 837 3535 complexibus
859 3451 971 3514 arceti'
