2400 3878
133 177 194 239 358
444 190 474 235 1².
497 187 641 235 rnnoun
663 187 817 237 nunonis

133 345 192 403 urit
212 342 417 402 Erichthonias
440 341 545 403 Oriens
566 359 625 402 non
646 342 764 421 ignibus
785 360 876 412 arces,

133 445 192 486 non
215 424 364 504 perfossus
386 425 477 486 Athos
499 444 554 485 nec
576 444 681 503 magno
703 425 817 486 vincula
840 434 930 505 ponto

132 511 207 570 iacta
229 528 295 569 meo
317 517 459 588 quaerent
480 511 537 569 ianr
559 528 624 569 sera
645 508 792 569 volumine
813 508 930 578 lamam,

132 611 192 653 non
214 592 420 672 Hellespontus
442 592 565 671 pedibus
586 591 717 671 pulsatus
739 610 891 671 equorum,

133 677 256 737 Graecia
278 694 344 737 cum
367 678 463 735 timuit
483 676 627 736 venientis
653 675 781 755 undique
802 676 920 736 Persas:

132 760 213 820 molli
235 760 286 820 sed
309 762 404 820 tenuis
426 759 586 819 decurrens
608 760 737 819 carmine
759 777 861 820 versus

132 844 242 904 viribus
262 852 329 922 apta
351 844 410 903 suis
431 843 551 903 Phoebo
573 843 647 903 duce
668 842 770 903 ludere
791 843 906 920 gaudet.

132 929 188 988 hor.
211 936 256 997 tu,
280 935 379 986 sancte
401 945 489 1005 puer,
512 926 738 995 memoraberis
763 934 792 986 et
813 925 866 987 tibi
888 935 1001 986 crescet

133 1008 225 1089 gloria
247 1018 422 1089 perpetuum
444 1009 560 1081 lucens,
583 1028 720 1070 mansura
742 1028 796 1089 per
818 1027 936 1078 aerum;

133 1103 162 1154 et
184 1094 236 1153 tibi
258 1092 327 1153 sede
350 1095 397 1172 pia
419 1101 535 1153 maneat
556 1093 637 1154 locus
659 1100 688 1153 et
709 1093 763 1153 tibi
784 1112 885 1172 sospes

133 1176 230 1237 debita
253 1176 348 1236 felicis
376 1185 547 1236 numeretur
568 1179 625 1236 rita
647 1194 700 1256 per
723 1196 823 1248 annos,

132 1270 229 1338 grata,
250 1259 336 1320 bonis
358 1259 468 1320 lucens.
491 1259 541 1319 sed
565 1278 618 1321 nos
640 1260 675 1319 ad
698 1270 801 1341 coepta
823 1261 963 1322 ruamur.

173 1345 279 1422 lgneus
301 1345 446 1405 aetherias
467 1345 525 1404 ianr
548 1344 591 1404 sol
612 1353 782 1424 penetrarat
802 1347 834 1405 iu
856 1362 939 1405 arces

132 1428 313 1507 candidaque
335 1436 437 1489 aurato
459 1428 607 1508 quatiebat
629 1428 738 1489 lumina
761 1448 858 1500 curru

132 1512 263 1573 crinibus
285 1520 314 1572 et
335 1514 427 1573 roseis
449 1513 586 1573 tenebras
607 1514 719 1574 Aurora
742 1513 870 1591 iugarat:

131 1595 262 1675 propulit
283 1614 299 1657 e
320 1596 440 1657 stabulis
462 1597 497 1657 ad
520 1597 626 1676 pabula
648 1604 716 1658 nota
738 1596 864 1676 capellas

131 1688 231 1760 pastor
254 1688 282 1740 et
305 1680 411 1741 excelsi
433 1684 541 1740 montis
563 1684 630 1760 iuga
652 1700 765 1742 summa
787 1683 896 1761 petivit

131 1764 234 1823 ssorida
257 1782 314 1843 qua
336 1763 450 1843 patulos
472 1764 607 1824 velabant
629 1767 759 1842 gramina
783 1765 881 1825 colles

132 1849 189 1906 iarn
212 1847 290 1906 silvis
314 1848 466 1926 dumisque
489 1865 592 1925 vagae,
615 1850 673 1907 ianr
697 1847 819 1908 vallibus
842 1848 952 1909 abdunt

134 1948 271 2009 corpora,
295 1932 410 2008 iamque
432 1932 511 1991 omni
534 1930 645 1990 celeres
667 1949 683 1990 e
701 1939 785 2009 parte
806 1940 945 2009 vagantes

131 2031 257 2091 scrupea
280 2012 413 2072 desertae
438 2022 597 2091 surrepunt
619 2012 655 2072 ad
678 2032 746 2073 cava
767 2016 863 2093 rupis:

131 2096 289 2157 tondentur
311 2103 413 2156 teucro
435 2096 588 2157 viridantia
609 2099 741 2174 gramina
763 2116 875 2170 morsu,

131 2179 257 2259 pendula
278 2181 417 2260 proiectis
439 2189 599 2259 carpuntur
620 2187 650 2239 ct
671 2180 774 2242 arbuta
796 2184 885 2242 ramis

131 2265 279 2343 densaque
299 2262 431 2342 virgultis
453 2264 534 2324 avide
556 2263 690 2324 labrusca
712 2273 862 2344 petuntur.

130 2348 204 2408 haec
225 2365 365 2427 suspensa
380 2350 457 2428 rapit
479 2356 617 2428 carpente
640 2351 791 2409 cacumina
812 2367 913 2410 morsu

130 2431 175 2491 vel
197 2431 293 2492 salicis
314 2431 409 2493 lentae
431 2432 475 2492 vel
498 2450 571 2512 quae
586 2449 660 2492 nova
682 2435 812 2494 nascitur
834 2433 924 2502 alnus,

131 2516 203 2575 baec
224 2523 342 2577 teneras
364 2516 502 2578 fruticum
524 2524 622 2578 sentes
643 2518 781 2589 rimatur,
804 2524 833 2578 at
854 2515 902 2576 illa

129 2600 263 2660 imminet
285 2600 394 2678 inrigui
416 2602 577 2680 praestanti
599 2602 740 2679 marginis
761 2600 854 2661 ulvae.

130 2682 236 2744 talibus
258 2684 289 2743 ln
311 2684 415 2745 studiis
437 2683 541 2746 baculo
564 2683 633 2744 dum
655 2685 741 2746 nixus
763 2686 877 2763 apricas

130 2774 230 2844 pastor
252 2769 311 2845 agit
333 2786 418 2829 curas
441 2777 470 2829 et
492 2770 561 2829 dum
584 2786 643 2828 non
666 2775 728 2829 arte
751 2785 859 2828 canora

130 2858 281 2929 compacta
303 2851 420 2912 solitum
442 2851 608 2913 modulatur
629 2850 773 2912 arundine
795 2868 929 2912 carmen:

129 2933 223 2993 tendit
244 2935 392 2995 inevectus
414 2936 512 2995 radios
533 2936 708 3012 Hyperionis
730 2935 819 2995 ardor

128 3017 282 3095 luridaque
305 3017 435 3077 aetherio
457 3019 539 3096 ponit
561 3017 728 3077 discrimina
750 3016 870 3087 mundo,

128 3104 178 3178 qui
207 3103 276 3162 iacit
311 3100 458 3161 Oceanum
480 3100 663 3161 flammasin
686 3108 843 3179 utrumque
864 3116 998 3191 rapaces.

171 3184 195 3244 0
216 3185 294 3245 bona
315 3186 441 3262 pastoris
464 3183 564 3264 (siquis
586 3201 646 3243 non
667 3185 806 3262 pauperis
828 3203 914 3246 usum

127 3275 226 3328 monte
248 3269 345 3328 minus
368 3268 452 3329 docta
476 3267 603 3328 fastidiat
625 3277 654 3327 et
674 3267 781 3346 probet
803 3264 861 3329 illis

126 3352 239 3411 somnia
260 3350 393 3413 luxuriae
415 3351 546 3432 spretis),
570 3351 717 3430 incognita
740 3352 827 3421 curis,

127 3451 200 3512 quac
222 3433 353 3495 lacerant
374 3437 471 3496 avidas
492 3437 610 3495 inimico
632 3442 752 3515 pectore
774 3432 906 3495 mentes!

1112 747 1154 820 u·
