2400 3878
137 179 198 245 362
452 193 482 239 Ρ.
504 188 646 237 eunoun
668 187 821 237 unaoms

138 347 257 425 spiritus
279 345 405 422 erumpit
427 343 536 403 fauces.
559 362 616 422 quo
639 351 743 403 cuncta
764 351 886 421 parante

137 428 274 509 parvulus
295 427 373 487 hune
394 429 475 505 prior
497 428 608 486 umoris
630 434 779 486 conterret
801 426 935 487 alumnus

137 521 167 572 et
188 519 312 571 mortem
335 512 425 570 vitare
448 517 548 569 monet
568 527 622 589 per
645 511 793 569 acumina:
817 528 943 589 namque

137 613 194 675 qua
217 594 333 654 diducta
355 611 444 669 genas
466 592 633 671 pandebant
655 591 765 653 lumina
786 596 905 663 somnis,

136 678 192 738 hac
213 679 337 737 senioris
359 684 422 736 erat
443 684 556 736 mature
578 675 686 754 pupula
710 675 769 735 telo

138 769 214 822 tacta
235 760 384 834 lonicum
406 758 542 839 prosiluit
564 759 740 819 furibundus
763 767 792 820 et
812 758 894 819 illum

136 845 276 905 obtritum
299 843 386 904 Morti
407 844 500 903 misit:
524 844 571 902 cui
594 842 711 902 dissitus
733 845 828 903 omnis

136 930 254 1007 spiritus
277 927 400 986 excessit
420 943 532 986 sensus.
554 933 616 986 tum
638 934 719 985 torva
740 934 889 986 tenentem

136 1010 246 1071 lumina
268 1011 398 1088 respexit
419 1019 586 1088 serpentem
610 1011 787 1079 comminus;
810 1010 880 1070 inde

134 1095 270 1174 impiger,
289 1093 451 1166 exanimus,
469 1095 514 1153 vix
536 1111 656 1171 compos
678 1100 776 1152 mente
797 1093 914 1172 refugit,

136 1178 253 1237 nescius
275 1177 434 1255 aspiciens;
460 1178 548 1235 timor
570 1185 774 1235 occaecaverat
796 1183 885 1246 artus,

136 1279 207 1338 erge
229 1257 329 1319 tardus
352 1266 428 1318 erat:
457 1260 551 1319 somni
573 1258 714 1335 languore
736 1270 849 1320 remoto

135 1344 192 1404 hoc
213 1345 310 1403 miuus
324 1341 470 1420 implicuit
486 1343 548 1402 dira
570 1342 726 1401 formidine
749 1350 886 1412 mentem,

135 1435 180 1487 set
201 1426 327 1487 validum
350 1426 451 1486 dextra
472 1434 609 1486 truncum
632 1425 758 1486 detraxit
779 1425 816 1486 ab
838 1445 911 1487 orno

136 1509 232 1591 (quam
255 1529 339 1570 casus
361 1510 479 1570 sociarit
500 1528 586 1588 opem
608 1527 752 1570 numenve
775 1509 898 1570 deorum

135 1595 263 1673 prodere
285 1596 322 1653 sit
344 1593 477 1663 dubium,
500 1593 589 1653 valuit
610 1591 662 1653 scd
683 1594 800 1652 vincere
822 1592 888 1653 talis

135 1676 255 1738 horrida
276 1677 423 1756 squamosi
443 1675 586 1736 volventia
607 1675 739 1736 membra
762 1675 907 1751 draconis)

135 1770 222 1839 atque
243 1759 414 1820 reluctantis
436 1759 548 1819 crebris
571 1758 713 1837 foedeque
734 1760 861 1836 petentis

134 1843 239 1904 ictibus
261 1861 325 1903 ossa
347 1843 427 1911 serit,
452 1844 572 1919 cingunt
594 1860 650 1919 qua
672 1850 804 1918 tempora
826 1843 946 1903 cristae:

138 1945 222 2005 quem
246 1933 399 2004 postquam
422 1924 491 1983 vidit
512 1942 628 1984 caesum
651 1923 856 2001 languescere,
880 1924 964 1985 sedit.

176 2010 237 2069 lam
259 2009 351 2087 quatit
374 2016 403 2067 et
424 2006 530 2084 biiugis
552 2009 649 2066 oriens
671 2006 793 2066 Erebeis
815 2025 906 2086 equos
926 2008 990 2069 Nox

135 2101 163 2153 et
184 2095 268 2169 piger
290 2098 391 2151 aurata
412 2091 545 2168 procedit
566 2090 676 2168 Vesper
699 2089 735 2148 ab
758 2089 839 2161 Oeta,

135 2194 200 2235 eum
223 2192 312 2252 grege
335 2173 484 2252 compulso
506 2180 606 2250 pastor
629 2171 845 2251 duplicantibus
866 2174 979 2235 umbris

134 2259 212 2318 vadit
234 2266 263 2317 ct
283 2259 314 2316 in
337 2258 428 2317 fessos
451 2273 583 2335 requtcm
606 2270 676 2316 nare
700 2266 851 2336 comparat
873 2265 963 2319 artus.

136 2343 217 2402 cuius
239 2349 272 2403 ut
292 2342 411 2400 intravit
433 2340 524 2399 levior
544 2358 599 2419 per
622 2358 746 2419 corpora
768 2359 888 2401 somnus

134 2424 328 2504 languideque
351 2426 441 2484 clluso
464 2425 635 2504 requierunt
656 2424 789 2484 membra
810 2442 925 2504 sopore,

135 2509 247 2586 efligies
269 2508 305 2568 ad
328 2526 395 2568 eum
417 2507 517 2568 culicis
540 2507 655 2568 devenit
677 2516 706 2569 ct
726 2508 769 2568 illi

134 2594 225 2651 tristis
246 2591 282 2651 ab
306 2598 411 2652 eventu
433 2593 539 2652 cecinit
561 2593 689 2652 convicia
711 2594 823 2653 mortis.

133 2677 182 2734 ‘en
204 2676 285 2754 quid'
309 2677 348 2734 ait
369 2676 502 2735 ‘meritus
524 2675 560 2736 ad
582 2694 656 2754 quae
679 2674 791 2737 delatus
813 2672 934 2735 acerbas

134 2776 223 2835 cogor
245 2758 326 2818 adire
348 2760 440 2819 vices!
462 2768 511 2819 tua
534 2758 603 2818 dum
624 2760 697 2819 mibi
719 2761 815 2820 carior
836 2760 899 2837 ipsa

133 2842 190 2900 vita
212 2841 267 2900 luit
289 2844 360 2909 vita,
384 2845 484 2921 rapior
505 2861 559 2921 per
581 2844 678 2902 inania
700 2843 816 2903 Averni.

133 2930 164 2983 tu
186 2922 283 2983 lentus
305 2923 420 2984 refoves
441 2926 566 2984 incunda
589 2924 722 2985 membra
744 2927 851 3005 quiete,

133 3015 252 3085 ereptus
275 3008 375 3066 taetris
397 3026 413 3066 e
435 3006 581 3074 cladibus:
606 3014 634 3066 at
656 3025 721 3067 mea
743 3026 844 3069 manes

132 3091 242 3150 viscera
263 3089 406 3150 Lethaeas
428 3098 536 3166 cogunt
558 3099 711 3150 transnare
732 3107 786 3167 per
807 3095 915 3152 undas:

132 3173 240 3250 praeda
267 3173 411 3235 Charonis
434 3191 515 3252 agor.
540 3173 626 3232 viden
648 3181 681 3233 ut
701 3173 854 3250 flagrantia
877 3174 970 3235 taedis

133 3255 247 3326 limina,
271 3275 358 3335 quam
380 3257 480 3317 lucent
502 3257 625 3316 infernis
647 3258 744 3317 omnia
769 3258 903 3336 templis?

133 3337 216 3399 obvia
239 3340 413 3418 Tisiphone,
437 3341 623 3419 serpentibus
644 3339 773 3418 undique
796 3350 920 3420 compta,

134 3428 164 3480 et
184 3421 317 3482 flammas
341 3432 369 3482 et
392 3441 475 3484 saeva
498 3426 590 3503 quatit
611 3424 683 3483 mihi
705 3423 837 3484 verbera.
859 3442 936 3504 pone
