2400 3878
308 215 339 261 P.
355 214 499 264 vultam
520 215 674 266 Maeonis
697 214 884 263 Naustalo.
1027 217 1101 264 XXV

95 375 224 433 traditum
243 390 294 430 nec
313 372 450 447 probabile
471 382 527 431 est:
548 376 629 432 immo
650 374 776 437 schedas.
803 377 830 431 in
852 373 949 448 quibus
969 374 1054 431 multa
1073 383 1102 431 et

95 466 242 515 mutaverat
257 466 285 515 et
304 457 455 520 addiderat,
475 458 581 516 relictas
597 459 628 515 ab
644 475 677 516 eo
693 459 768 516 amici
788 464 852 532 post
872 466 985 515 mortem
1002 465 1033 514 ut
1052 474 1102 532 po·

96 552 172 599 tuere
187 545 214 599 in
230 541 351 598 ordinem
365 537 570 616 redegerunt1).

179 626 309 699 Georgica
325 625 389 681 dum
403 625 496 682 scribit
510 634 591 700 poeta
604 627 750 702 plurimum
770 627 900 700 temporis
916 628 944 682 in
960 625 1102 699 Campania

95 712 246 784 ceterisque
257 709 346 765 ltaliae
360 710 539 766 meridionalis
550 710 716 786 regionibus,
729 711 841 767 maxime
853 719 941 767 autem
952 710 1063 783 Neapoli
1074 712 1103 766 iu

95 792 161 850 urbe
176 792 289 850 ‘studiis
309 791 436 867 rgnobilis
458 794 514 849 oti'
528 793 583 868 (ge.
599 795 633 851 lv
647 795 709 853 563
725 792 797 869 sqq.)
813 788 957 867 florento²p
977 810 1102 850 consum·

95 879 158 951 psit.
189 879 268 934 etiam
283 892 329 932 rus
344 876 427 932 Nolae
441 879 623 952 propinquum
638 878 764 936 habuisse
776 872 911 950 videtur³)
927 894 977 934 uec
992 878 1103 933 omuino

95 960 276 1035 improbabile,
298 959 435 1034 Campanis
455 963 626 1035 potissimum
646 963 762 1036 praediis
777 961 916 1018 Caesarem
931 962 1030 1017 dudini
1044 963 1102 1034 agri

95 1045 220 1101 damnum
234 1045 456 1118 compensavisse.
485 1046 628 1102 Tarentum
634 1040 658 1119 ⁴)
673 1064 703 1103 se
718 1047 816 1103 vidisse
828 1054 918 1102 narrat
929 1062 972 1120 ge.
986 1046 1019 1100 tv
1031 1044 1101 1109 125,

95 1136 123 1184 et
142 1145 205 1186 vere
225 1130 287 1184 anni
309 1129 368 1186 717
389 1145 450 1184 cum
471 1130 549 1187 Vario
571 1130 714 1205 Plotioque
736 1130 879 1188 Sinuessae
899 1130 1011 1186 Horatio
1038 1138 1103 1185 tunc

95 1211 298 1269 familiarissimo
310 1228 370 1268 cum
384 1216 546 1270 occurrisset
559 1215 707 1289 inproviso,
723 1231 847 1271 unacum
862 1231 894 1270 eo
911 1221 938 1270 et
952 1213 1103 1270 Maecenate

95 1296 206 1369 aliisque
233 1298 286 1354 iter
306 1296 494 1354 Brundisinum
516 1293 671 1371 coniecit⁶).
708 1316 769 1355 nam
793 1299 938 1354 tradiderat
958 1297 1101 1353 Maecenati

96 1380 235 1436 Horatium
249 1397 282 1436 ex
298 1380 405 1437 Graecia
420 1398 443 1436 a.
461 1381 521 1439 713
537 1382 662 1439 reducem
684 1384 736 1439 iam
757 1399 825 1439 auno
843 1383 902 1440 715
926 1388 1041 1438 exeunte
1056 1380 1104 1438 rel

163 1540 183 1604 ¹)
201 1541 272 1593 Vide
291 1542 415 1607 prolegg.
435 1548 518 1608 caput
537 1545 588 1594 111.

162 1607 184 1671 ²)
204 1608 247 1658 cf.
267 1609 365 1659 Strabo
384 1612 408 1660 V
430 1613 445 1660 7
468 1626 494 1674 p.
513 1613 562 1661 246
585 1607 753 1662 ἐπιτείνουσι
777 1608 808 1660 bi
830 1609 885 1672 τὴν
908 1608 939 1659 ἐν
964 1608 1104 1661 Νεαπόλει

94 1674 238 1738 διαγωγὴν
250 1674 305 1738 τὴν
318 1673 485 1741 Ἑλληνικὴν
504 1675 530 1728 οἱ
548 1675 578 1728 ἐκ
590 1680 641 1742 τῆς
659 1675 773 1742 Ῥώμης
791 1675 1002 1742 ἀναφοροῠντες
1020 1677 1105 1742 δεῦρο

96 1739 212 1805 ἡσυχίας
233 1740 313 1806 χάριν
334 1747 395 1794 τῶν
412 1742 469 1794 ἀπὸ
488 1742 612 1806 παιδείας
630 1743 828 1809 ἐργασαμένων
845 1743 862 1807 ἢ
881 1745 927 1794 καί
945 1743 1041 1795 ἄλλων
1060 1744 1104 1795 διὰ

94 1809 211 1928 iiiiii
230 1808 376 1941 illiti}
393 1809 1104 1944 ititl‘lltllttttttitiillitttltl

95 1941 152 1994 ἀπὸ
169 1946 220 2008 τῆς
237 1936 326 2008 αὐτῆς
348 1917 719 2012 διαγωγῆς’ἐπιδημὸιίντων
741 1945 865 2010 ἀνδρῶν,
890 1945 1007 2010 ἄσμενοι
1025 1946 1104 2008 φιλο-

94 2013 218 2075 χωροῦσι
242 2011 286 2061 καί
309 2013 394 2064 zoom
417 2013 524 2065 αὐτόθι.
558 2015 670 2064 Horatii
693 2014 772 2079 epod.
791 2017 815 2064 V
832 2015 866 2064 43
885 2012 977 2065 Ovidii
995 2019 1104 2067 metam.

94 2079 145 2130 XV
163 2081 212 2129 712
231 2078 315 2128 statii
333 2081 392 2131 silv.
410 2081 458 2132 111.
470 2084 497 2143 5,
516 2084 549 2133 85
569 2081 630 2132 Silii
647 2081 702 2132 XII
719 2084 751 2132 31
765 2095 823 2145 sqq.

162 2145 183 2209 ³)
202 2148 339 2210 ‘scriptum
356 2151 381 2197 in
400 2149 507 2213 quodam
518 2152 695 2200 commentario
706 2151 814 2212 repperi
829 2163 916 2198 versam
933 2150 996 2198 istas
1007 2165 1023 2196 a
1038 2149 1103 2198 Ver·

93 2214 154 2277 pilio
172 2215 209 2262 ita
224 2217 332 2277 primurn
343 2230 398 2265 esse
410 2217 533 2267 recitatos
545 2224 620 2281 atque
637 2218 734 2266 editos:
753 2217 856 2265 “talem
874 2251 881 2265 .
896 2250 924 2269 ..
942 2216 1010 2264 Nola
1021 2217 1105 2279 iupo”

95 2279 149 2344 (ge.
169 2279 197 2330 Π
215 2278 291 2346 225);
310 2286 415 2345 ‘postea
436 2283 573 2348 Verpitium
589 2285 684 2347 petisse
696 2300 712 2332 a
724 2284 832 2333 Nolanis
844 2299 935 2348 aquam
947 2284 984 2331 uti
1000 2285 1104 2332 duceret

94 2363 121 2396 in
136 2350 305 2413 propinquum
321 2365 380 2407 rus,
399 2350 513 2400 Nolanos
531 2351 675 2412 beneficium
691 2352 795 2414 petitum
812 2365 864 2399 non
878 2351 985 2412 secisse,
1002 2357 1105 2413 poetam

95 2415 217 2478 offensum
228 2430 316 2465 nomen
327 2417 397 2466 urbis
415 2431 500 2467 eorum
512 2420 586 2482 quasi
602 2434 637 2467 ea
653 2419 775 2467 bominum
786 2419 917 2476 memoria,
936 2419 974 2466 sic
991 2432 1027 2465 esc
1043 2432 1103 2465 car-

94 2483 158 2531 mine
169 2497 215 2531 suo
227 2483 355 2532 derasisse
372 2499 518 2548 oramque
536 2501 584 2548 pro
602 2485 630 2533 N
633 2488 685 2534 oia
701 2493 810 2534 mutasse
822 2493 897 2549 atque
909 2487 947 2532 ita
958 2485 1105 2547 reliquisse:

95 2552 148 2597 “et
164 2549 247 2598 uicina
268 2550 299 2599 V.
319 2565 367 2598 ora
385 2552 457 2614 iupo’
478 2551 582 2601 Gellius
599 2553 638 2600 VI
656 2549 730 2614 (VII)
744 2553 785 2602 20.
804 2551 841 2602 cf.
859 2549 1050 2613 Philargyrius
1069 2549 1105 2598 ad

94 2614 190 2728 geliI
212 2616 261 2664 225
285 2614 396 2666 Servius
419 2617 455 2665 ad
477 2616 542 2666 Aen.
566 2618 618 2666 VII
640 2618 699 2669 740.
723 2616 836 2666 defendi
862 2617 1048 2665 narrationem
1075 2617 1104 2664 in

115 2696 171 2730 roe
212 2683 293 2731 .23s
315 2717 321 2730 .

95 2696 113 2746 p
161 2696 365 2813 4ῗὲΡιοραίίίιια
384 2748 456 2814 quod
474 2748 543 2815 eleg.
560 2750 603 2800 111
620 2751 667 2812 34,
685 2751 717 2799 67
735 2747 886 2814 Vergilium
905 2749 1032 2799 ‘umbrosi
1047 2749 1104 2799 sub·

94 2821 135 2865 ter
151 2817 240 2878 pineta
259 2816 386 2877 beraeae,
405 2817 431 2866 h.
445 2833 468 2867 e.
486 2817 515 2867 in
527 2833 594 2883 agro
607 2817 757 2867 Tarentino
771 2832 869 2867 canere
886 2816 1013 2867 bucolica
1026 2816 1105 2877 dicit,

95 2887 172 2933 certa
189 2883 333 2933 memoriae
351 2881 404 2934 fide
417 2900 472 2934 non
490 2885 602 2934 nititur:
618 2886 700 2935 immo
718 2885 768 2935 ilia
780 2889 842 2937 orta
859 2890 924 2935 sunt
942 2885 1041 2950 partim
1057 2885 1104 2935 nbi

95 2951 198 3001 ‘uiridia
221 2957 325 3000 teneras
344 2954 479 3015 praetexit
500 2954 641 3002 harundine
662 2956 736 3016 ripas
754 2951 1105 3015 Mincius’(ecl.V1112),

94 3016 194 3082 partim
210 3018 239 3066 in
256 3020 332 3069 urbe.
368 3018 417 3069 scd
435 3020 552 3071 fomasse
570 3020 629 3071 Ioh.
648 3019 710 3070 Chr.
728 3020 842 3070 Iahnius
860 3021 889 3069 in
906 3019 993 3084 praef.
1013 3034 1038 3082 p.
1050 3018 1105 3068 VII

94 3087 170 3136 recte
187 3086 318 3146 coniecit,
338 3101 398 3136 cum
416 3087 465 3136 ille
478 3087 590 3152 scripsit
601 3087 762 3153 Propertius
775 3104 799 3138 a.
813 3090 862 3138 728
879 3088 908 3136 in
921 3102 987 3150 agro
1000 3087 1103 3136 Taren-

94 3153 153 3203 tino
170 3158 311 3204 versatum
329 3168 390 3203 esse
408 3155 570 3218 Vergilium.

161 3217 182 3281 ὗ)
201 3224 324 3283 ‘postera
341 3224 387 3269 tux
404 3223 486 3270 oritur
503 3227 578 3271 multo
595 3223 754 3286 penitissima,-
771 3235 876 3286 namque
893 3221 991 3270 Plotius
1009 3228 1034 3270 et
1049 3220 1102 3268 Va·

96 3287 149 3334 rius
167 3285 304 3336 Sinuessae
326 3288 502 3352 Verpiiiusque
522 3289 674 3346 Occurrunt,
698 3290 795 3338 animae
813 3291 901 3353 quales
918 3303 998 3352 neque
1015 3288 1103 3336 candi·

95 3353 181 3401 diores
203 3353 284 3402 Terra
306 3355 365 3402 tulit
385 3369 465 3418 neque
483 3356 540 3419 quis
557 3371 594 3405 me
612 3358 647 3406 sit
668 3356 810 3404 devinctior
827 3356 902 3407 alter.
939 3353 959 3404 0
976 3355 1022 3418 qui
1038 3369 1103 3402 corn·

93 3419 188 3482 plenus
200 3425 226 3468 et
241 3421 336 3483 pendia
353 3427 448 3484 quanta
462 3421 586 3484 ficerunt!
619 3423 665 3471 Nil
681 3436 726 3486 epo
739 3423 885 3472 contulerim
902 3423 1009 3470 iucundo
1026 3433 1104 3469 sanus

95 3487 197 3534 antico!
237 3486 371 3535 Horatius
394 3491 446 3536 sat.
469 3488 483 3538 1
507 3491 536 3552 b,
559 3491 592 3540 39
610 3503 669 3553 sqq.
711 3487 747 3538 cl.
769 3486 903 3538 Franckii
926 3488 1012 3537 fastos
1036 3486 1102 3535 Hori
