2400 3878
120 196 181 256 228
448 202 589 249 vunornr
605 199 792 247 aunursvn

122 364 221 438 gratia,
245 361 270 419 sl
290 361 360 419 iuris
381 359 505 418 materni
527 372 597 415 cura
619 352 776 420 remordet,

121 443 221 503 solvite
244 441 360 502 crinalis
378 443 469 509 vittas,
494 439 586 515 capite
627 437 689 512 rgia
711 436 845 495 mecum·

121 526 208 585 talem
228 526 303 584 inter
324 523 417 591 silvas,
440 525 515 582 inter
535 521 649 580 deserta
671 519 809 584 serarum,

122 610 252 684 reginam
270 606 380 668 Allecto
402 604 524 665 stimulis
547 605 606 680 agit
628 600 757 677 undique
779 600 896 661 bacchi.
1076 613 1132 663 etit

163 692 319 766 Postquam
342 690 400 748 risa
422 688 491 748 satis
512 687 623 764 primos
644 685 756 744 acuisse
778 683 892 745 furores

123 773 332 849 consiliumque
348 788 523 847 omnemque
544 768 662 828 domum
685 768 805 827 vertisse
826 767 929 836 Latini,

123 857 254 934 protinus
276 855 344 914 ltine
364 853 454 914 luscis
475 852 564 912 tristis
585 851 639 910 dea
662 847 772 908 tollitur
794 849 847 910 alis

124 939 240 998 audacis
261 935 358 997 Rutuli
381 936 416 996 ad
438 953 547 1004 muros,
571 951 657 1010 quam
680 933 785 992 dicitur
807 932 910 993 urbem

123 1022 299 1080 Acrisioneis
321 1020 419 1080 [lanae
441 1018 578 1078 lundasse
603 1013 722 1084 colonis,
987 1038 998 1047 ⁵
1078 1029 1136 1083 410

124 1105 273 1181 praecipiti
296 1102 389 1162 delata
410 1109 489 1161 noto.
523 1100 604 1160 locus
625 1099 719 1159 Ardea
740 1100 886 1178 quondam

124 1187 219 1245 dictus
240 1186 299 1243 aiis
322 1188 361 1260 (et
382 1202 460 1244 nunc
481 1201 618 1259 magnum
639 1190 736 1242 manet
754 1183 847 1242 Ardea
868 1200 985 1253 nomen,

124 1268 174 1329 sed
188 1269 304 1328 fortuna
326 1267 405 1346 fuiti:
427 1268 510 1326 tectis
532 1266 579 1325 hic
598 1266 716 1323 Turnus
729 1267 766 1337 in
785 1265 849 1324 altis

125 1353 181 1410 iam
203 1351 328 1410 mediam
352 1351 436 1426 nigra
460 1348 598 1427 carpebat
618 1354 704 1407 nocta
722 1349 857 1426 quietem.

124 1431 232 1493 Allecto
254 1442 366 1492 torvam
389 1433 492 1493 faciem
515 1440 543 1491 et
566 1429 679 1490 furialia
698 1430 829 1490 membra

125 1518 212 1583 exuit,
233 1517 261 1575 in
283 1516 380 1576 vultus
401 1534 465 1576 sese
482 1513 670 1574 transformat
691 1513 789 1581 anilis;

125 1606 152 1658 et
174 1600 299 1658 frontem
323 1599 480 1659 obscenam
499 1599 579 1674 rugis
601 1603 672 1663 arat,
696 1596 790 1655 induit
810 1595 891 1655 albos

125 1699 191 1739 oum
213 1682 398 1756 vittacrinis,
421 1690 482 1740 tum
505 1697 618 1739 ramum
639 1680 761 1738 innectit
781 1678 886 1746 olirac;

125 1764 155 1821 tn
177 1762 282 1840 Calybe
303 1762 421 1822 lunonis
439 1780 512 1822 anus
533 1761 692 1838 templique
713 1761 850 1821 sacerdos

125 1854 153 1904 et
174 1847 271 1904 iuveni
295 1854 361 1904 aute
384 1845 484 1904 oeulos
506 1844 551 1903 his
573 1862 604 1903 se
628 1863 694 1904 cum
717 1844 835 1904 vocibus
855 1845 953 1905 oilert:

141 1927 249 1993 Turno,
270 1935 313 1987 tot
330 1930 476 1988 incassum
498 1926 579 1986 lusos
598 1929 708 2004 patiere
730 1926 845 1987 labores

125 2016 152 2067 et
174 2017 222 2068 tua
244 2009 395 2068 Dardaniis
415 2008 570 2069 transcribi
591 2018 705 2088 sceptra
728 2009 856 2069 colonis?

125 2111 176 2151 rex
198 2091 250 2151 tibi
271 2093 437 2168 coniugium
460 2101 488 2151 ct
508 2095 652 2170 quaesitas
678 2095 818 2169 sanguine
840 2092 921 2153 dotes

125 2174 257 2249 abnegat,
277 2183 472 2253 externusque
494 2177 523 2233 in
546 2193 669 2252 regnum
690 2177 839 2254 quaeritur
861 2174 957 2237 heres.

125 2259 134 2314 i
157 2274 242 2324 nunc,
265 2259 385 2334 ingratis
408 2259 480 2317 oller
501 2268 538 2327 te,
560 2260 659 2325 inrise,
680 2257 812 2337 periclis:

126 2338 299 2417 Tyrrhenas,
322 2342 341 2408 i,
363 2349 461 2401 sterne
482 2343 574 2409 acies;
592 2351 658 2419 tage
680 2360 753 2418 pace
775 2342 901 2401 Latinos.

125 2420 197 2482 baec
219 2422 291 2482 adeo
311 2422 363 2483 ubi
384 2442 440 2493 me,
461 2423 573 2503 placida
596 2442 662 2484 cum
685 2433 769 2483 nocto
790 2426 910 2494 laceres,

124 2506 186 2583 ipsa
209 2504 304 2583 palam
326 2505 381 2566 lari
403 2510 585 2586 omnipotens
607 2508 742 2568 Saturnia
760 2508 851 2567 iussit.

126 2607 215 2665 quare
237 2606 290 2665 age
313 2597 343 2649 et
364 2593 471 2650 armari
494 2591 603 2669 pubem
626 2592 776 2667 portisque
799 2591 909 2650 moueri

125 2669 217 2731 laetus
238 2674 267 2730 in
290 2689 358 2732 arva
377 2673 455 2741 iube.
479 2681 506 2734 et
527 2675 669 2752 Phrygios
691 2675 741 2752 qui
761 2672 880 2734 flumine
901 2671 1029 2751 pulchro
1087 2688 1146 2741 4³0

126 2754 284 2814 consedere
305 2754 394 2815 duces
415 2758 564 2833 pictasque
585 2774 673 2816 exure
694 2758 816 2816 carinas.

125 2834 282 2895 caelestum
303 2838 345 2895 ris
369 2855 472 2912 magna
496 2838 584 2898 iubet.
618 2856 670 2898 rex
692 2841 755 2916 ipse
778 2839 905 2907 Latinus,

124 2919 154 2976 ui
175 2917 244 2976 dare
266 2919 432 2993 coniugium
457 2926 485 2977 et
507 2920 584 2978 dicto
601 2937 707 2997 parere
726 2922 840 2989 latetur,

125 3001 277 3061 sentiatet
295 2999 411 3059 tandem
428 3000 560 3061 'l'urnum
579 3005 745 3078 experiatur
766 3007 795 3063 in
817 3004 924 3065 armis!

166 3082 219 3142 llic
236 3082 353 3142 iuvenis
368 3091 461 3142 vatem
483 3084 613 3144 inridens
634 3087 676 3144 sic
697 3104 763 3146 orsa
785 3089 909 3147 vicissim
1087 3104 1144 3159 aas
1166 3111 1171 3121 ·

126 3183 176 3224 ore
198 3165 304 3225 refert:
326 3166 440 3226 ‘classis
458 3167 587 3226 invectas
609 3167 764 3245 Thybridis
786 3170 893 3230 undam

127 3265 192 3316 non,
215 3256 246 3307 ut
264 3264 339 3316 rere,
357 3267 436 3310 meas
457 3250 555 3324 cffugit
576 3253 693 3311 nuntius
715 3254 802 3314 auris.

127 3348 161 3390 ue
183 3339 276 3391 tantos
298 3333 369 3392 mihi
391 3335 468 3409 finge
486 3341 595 3402 metus;
617 3351 671 3393 noc
694 3338 772 3413 regia
792 3335 863 3395 luno

125 3413 266 3474 inmemor
288 3422 332 3474 est
352 3419 452 3477 nostri.
