2400 3878
332 808 375 883 P.
397 808 612 886 vneomr
637 810 865 890 nnnours

259 977 303 1072 A
353 981 395 1073 E
447 981 492 1074 N
543 982 585 1074 Ε
637 982 661 1074 Ι
712 983 758 1076 Ι)
811 984 856 1079 0
908 983 940 1080 S

408 1150 525 1208 iltuit
544 1149 796 1210 odorsonius

537 1343 657 1355 *nu-t·-

101 1476 215 1538 l‘urnus
238 1482 270 1535 ut
291 1475 429 1533 infractos
452 1473 572 1531 adverso
594 1474 687 1535 Marte
709 1477 825 1535 Latinos

97 1559 240 1618 deiecisse
261 1557 348 1624 videt,
371 1572 423 1616 sua
444 1572 523 1615 nunc
545 1558 687 1632 promissa
709 1561 824 1634 reposci

97 1661 129 1701 se
152 1642 260 1717 signari
282 1639 383 1706 oculis,
407 1636 485 1698 ultro
507 1638 686 1716 inplacabilis
709 1641 791 1700 ardet

97 1723 258 1799 attollitque
281 1724 401 1781 animos.
436 1722 601 1782 Poenorum
622 1722 714 1801 qualis
735 1724 766 1782 ln
788 1725 862 1783 arvis

96 1808 212 1866 saucius
234 1805 281 1866 ille
303 1805 383 1879 gravi
404 1814 559 1865 venantum
577 1805 694 1867 volnere
717 1814 819 1884 pectus
1078 1815 1097 1867 5

97 1897 158 1949 tum
181 1891 298 1949 demum
322 1895 419 1947 movet
441 1906 519 1947 arun
543 1889 587 1949 leo
609 1890 775 1966 gaudetque
797 1891 938 1951 comantis

97 1973 247 2032 excutiens
269 1974 382 2031 cervice
406 1980 486 2031 toros
509 1975 656 2050 fixumque
676 1974 799 2033 latronis
904 2048 906 2052 Ι

95 2056 245 2131 inpavidus
264 2055 370 2130 frangit
392 2053 481 2114 telum
504 2062 533 2115 et
553 2055 651 2116 lremit
673 2074 725 2116 ore
748 2064 886 2117 cruento:

96 2139 166 2197 haut
183 2155 269 2198 secus
289 2153 413 2197 accenso
434 2137 527 2212 gliscit
547 2138 683 2200 violentia
705 2139 815 2200 Turno.

95 2233 156 2280 tum
177 2223 219 2280 sic
240 2220 354 2279 adlatur
375 2236 475 2295 regem
497 2229 582 2296 atque
601 2221 640 2280 ita
662 2220 797 2282 turbidus
817 2223 893 2281 insst:
1068 2225 1099 2279 lo

96 2302 188 2361 ‘nulla
211 2320 293 2361 mora
312 2304 342 2359 in
364 2300 481 2368 Turn0;
502 2302 573 2360 nihil
593 2310 637 2361 est
657 2302 734 2380 quod
756 2304 831 2362 dicta
853 2308 1012 2361 retractent

96 2386 191 2460 ignavi
212 2384 373 2449 Aeneadae,
398 2399 453 2441 nec
475 2401 548 2460 quac
568 2385 708 2461 pepigere
729 2392 880 2444 recusent:

95 2463 280 2542 congredior.
313 2465 359 2524 ler
381 2479 472 2531 sacra,
496 2472 587 2539 pater,
611 2473 640 2524 et
663 2466 783 2542 concipe
804 2464 917 2524 foedus.

95 2557 144 2608 aut
166 2547 221 2606 hae
243 2546 421 2606 Dardanium
444 2546 544 2605 dextra
567 2547 620 2606 sub
643 2546 763 2606 Tartara
785 2548 906 2614 mittam,

95 2633 275 2692 desertorem
296 2630 380 2689 Asiae
402 2627 529 2704 (sedeant
551 2636 741 2704 spectentque
764 2629 877 2703 Latini),
1067 2634 1100 2688 15

94 2725 123 2777 et
145 2713 224 2774 solus
249 2713 328 2773 ferro
351 2711 462 2772 crimen
483 2729 637 2772 commune
656 2709 796 2780 refellam,

94 2806 145 2860 aut
163 2797 269 2858 habeat
291 2797 390 2865 victos,
414 2794 497 2854 cedat
518 2794 633 2854 Lavinia
657 2794 801 2854 coniunx!

138 2882 194 2943 Olli
213 2880 312 2941 sedato
336 2879 488 2958 respondit
510 2879 597 2937 corde
620 2877 752 2938 Latinus:

95 2976 128 3025 ‘o
149 2973 300 3043 praestans
322 2965 410 3023 animi
428 2964 547 3033 iuvenis,
569 2969 709 3041 quantum
730 2961 793 3039 ipse
812 2962 903 3021 leroci

94 3052 198 3108 virtute
218 3065 384 3126 exsuperas,
408 3055 487 3106 tanto
505 3065 552 3106 me
572 3045 733 3123 impensius
757 3061 860 3104 aecum
883 3052 927 3104 est
1065 3048 1100 3100 20

95 3130 247 3192 consulere
268 3141 354 3208 atque
375 3131 469 3191 omnis
490 3137 669 3189 metuentem
692 3127 857 3203 expendere
880 3144 972 3188 casus.

94 3220 162 3277 sunt
179 3213 231 3272 tibi
251 3229 342 3289 regna
367 3215 457 3291 patris
476 3213 579 3279 Dauni,
602 3218 671 3270 sunt
693 3210 799 3288 oppida
822 3216 906 3287 capta

94 3293 185 3356 multa
206 3313 302 3363 uranu,
325 3312 457 3356 necnon
478 3311 641 3372 aurumque
664 3295 835 3372 animusque
855 3293 1000 3362 Latinost;

94 3385 162 3439 sunt
183 3376 256 3441 aliae
277 3379 415 3457 innuptae
435 3378 516 3438 Latio
536 3386 564 3436 et
585 3376 781 3438 Laurentibus
803 3377 887 3442 arvia.
