2400 3878
138 158 199 222 ιιι
468 169 611 217 nnumin
634 169 760 218 nnuma
783 171 819 217 vr

136 339 186 388 aut
205 340 253 396 tu,
276 327 358 405 siqua
380 328 425 386 ria
447 336 505 393 est,
528 327 641 404 siquam
663 323 715 384 tibi
735 324 800 385 diva
822 326 948 387 creatrix

136 412 261 472 ostendit
283 416 388 489 (neque
410 412 502 478 enim,
526 409 630 479 credo,
654 409 716 468 siue
734 411 854 470 numine
876 409 972 470 divom

135 495 254 555 flumina
277 504 354 554 tanta
371 513 458 572 paras
480 494 666 572 Stygiamque
691 494 793 554 innare
814 493 975 572 paludem),

136 579 171 639 da
195 580 327 640 dextram
350 581 457 638 misero
481 586 510 637 et
529 587 624 637 tecum
645 596 692 636 nie
714 575 784 637 tolle
802 595 856 655 per
876 578 984 646 undas,

135 663 253 723 sedibus
279 674 311 722 ut
333 662 435 722 saltcni
457 661 577 740 placidis
599 663 628 720 iu
649 670 745 720 morte
766 662 911 739 quiescam
931 660 938 679 '

134 747 202 808 taha
226 748 302 807 latus
324 756 401 814 erat,
423 747 519 822 coepit
538 764 605 805 cuni
626 745 694 804 talia
715 754 810 805 vates:

136 832 231 892 ‘unde
252 832 339 898 haec,
360 849 377 889 o
399 829 552 897 Pahnure,
575 829 626 890 tihi
649 836 708 888 tam
730 828 793 888 dira
816 829 940 906 cupido?

134 926 166 976 tu
185 916 297 993 Stygias
320 914 487 975 inhumatus
508 932 599 992 aquas
620 930 795 990 amnemque
817 930 952 974 severum

134 1000 330 1060 Eumenidum
352 999 474 1076 aspicies
496 999 627 1076 ripamve
646 998 773 1057 iniussus
795 996 907 1057 adibis?

134 1083 235 1144 desine
259 1085 314 1142 lata
337 1082 424 1142 deum
445 1082 523 1143 llecti
544 1099 665 1159 sperare
685 1081 845 1158 precando.

134 1167 186 1228 sed
201 1184 273 1244 cape
295 1167 370 1226 dicta
390 1184 518 1235 memor,
542 1165 607 1225 duri
630 1165 736 1225 solacia
761 1183 855 1227 casus.

135 1270 202 1311 narn
224 1260 274 1310 tua
296 1251 423 1317 finitimi,
445 1249 532 1326 longe
553 1248 669 1328 lateque
691 1268 745 1328 per
765 1249 855 1310 urbes

134 1334 275 1413 prodigiis
298 1335 354 1394 acti
376 1333 564 1404 caelestibus,
585 1352 650 1393 ossa
671 1334 807 1412 piabunt,

134 1429 164 1480 et
184 1426 312 1491 statuent
334 1418 478 1478 tumulum
498 1427 526 1478 et
547 1417 659 1478 tumulo
681 1417 832 1478 sollemnia
851 1418 978 1487 mittent,

134 1511 346 1580 aeternumque
366 1500 449 1563 locus
470 1501 599 1562 Palinuri
620 1520 728 1562 nomen
747 1500 891 1563 hahebit’

134 1587 179 1648 his
199 1588 281 1648 dictis
304 1605 392 1647 curae
414 1596 528 1647 emotae
549 1586 711 1664 pulsusque
728 1602 889 1664 parumper

134 1670 224 1731 corde
244 1670 328 1730 dolor
350 1672 439 1736 tristi:
463 1671 570 1748 gaudet
591 1670 764 1748 cognomine
786 1680 892 1730 terrae.

176 1754 255 1831 Ergo
277 1757 332 1813 iter
351 1756 499 1830 inceptum
522 1762 668 1831 peragunt
692 1753 839 1831 lluvioque
857 1756 1072 1834 propinquant.

133 1837 228 1897 navita
251 1855 324 1915 quos
344 1838 401 1897 iani
422 1837 490 1896 inde
510 1847 542 1897 ut
562 1838 658 1915 Stygia
677 1840 829 1915 prospexit
850 1837 886 1898 ab
909 1838 987 1899 unda
1112 1854 1165 1909 aaa

132 1938 186 1998 per
208 1921 327 1981 tacitum
344 1939 447 1979 nemus
469 1921 511 1981 ire
529 1920 693 1999 pedemque
715 1923 866 1983 advertere
888 1923 984 2001 ripae,

133 2006 176 2064 sio
197 2006 279 2081 prior
301 2004 472 2082 adgreditur
495 2004 579 2065 dictis
598 2012 686 2082 atque
708 2007 840 2082 increpat
861 2005 955 2066 ultro:
1026 2034 1030 2041 ·

134 2089 282 2166 ‘quisquis
304 2107 350 2155 es,
374 2097 503 2149 armatus
526 2089 575 2167 qui
596 2098 695 2149 nostra
718 2090 754 2150 ad
776 2089 897 2150 llumina
919 2090 1034 2163 tendis,

133 2173 195 2233 lare
219 2190 287 2250 age,
309 2172 377 2250 quid
400 2174 514 2243 venias,
536 2174 596 2233 iam
617 2176 716 2243 istinc,
740 2181 769 2234 et
791 2175 952 2250 comprime
974 2190 1131 2252 gressum.

132 2256 306 2317 umbrarum
328 2257 376 2316 hio
398 2256 479 2318 locus
503 2266 560 2327 est,
584 2259 678 2317 somni
698 2258 852 2336 noctisque
873 2275 1016 2335 soporae;
1111 2277 1164 2332 390

133 2357 259 2417 corpora
280 2342 342 2400 viva
364 2343 446 2402 nefas
468 2343 565 2421 Stygia
588 2351 702 2404 vectare
722 2343 830 2403 carina.

132 2442 188 2485 neo
208 2443 277 2484 vero
297 2423 417 2486 Alciden
439 2446 485 2486 me
508 2445 573 2487 sum
596 2426 717 2487 laetatus
740 2435 858 2487 cuntem

132 2510 280 2586 accepisse
302 2508 368 2569 lacu
390 2529 445 2572 neo
460 2511 573 2571 Thesea
596 2511 830 2588 Pirithoumque,

132 2594 176 2653 dis
198 2612 376 2672 quamquam
395 2596 484 2672 geniti
505 2603 592 2673 atque
615 2595 711 2654 invicti
733 2593 844 2654 viribus
866 2602 972 2654 essent.

131 2676 304 2738 Tartareum
326 2676 374 2739 ille
396 2698 483 2741 manu
504 2679 656 2741 custodem
677 2680 707 2737 in
729 2677 822 2738 vincla
840 2676 941 2756 petivit
1111 2698 1163 2753 39⁶

130 2762 222 2838 ipsius
244 2781 260 2822 a
280 2760 353 2821 solio
376 2764 469 2841 regis,
493 2766 640 2841 traxitque
663 2772 852 2831 trementem

130 2843 160 2903 hi
183 2844 331 2905 dominam
355 2847 426 2907 Ditis
445 2846 573 2906 thalamo
596 2847 743 2908 deducere
764 2843 884 2907 adorti.'

129 2946 205 3004 quae
224 2938 326 2988 contra
345 2929 473 2990 breviter
495 2932 553 2990 lata
573 2940 617 2991 est
638 2931 811 3010 Amphrysia
833 2938 927 2990 vates:

131 3009 242 3072 ‘nullae
264 3012 312 3072 hic
334 3014 454 3074 insidiae
475 3015 547 3074 tales
570 3014 687 3094 (absiste
709 3017 845 3094 moveri),

132 3114 188 3156 uec
209 3097 266 3155 vini
285 3097 342 3160 tela
363 3097 475 3166 leruut;
496 3099 564 3159 licet
587 3101 689 3178 ingens
709 3102 816 3160 ianitor
838 3105 922 3159 antro
1111 3120 1163 3173 qm

132 3187 284 3241 aeternum
306 3182 415 3243 latrans
438 3185 593 3260 exsanguis
619 3192 728 3245 terreat
749 3183 886 3252 umbras,

130 3276 208 3323 casta
231 3264 298 3325 licet
318 3267 414 3344 patrui
436 3277 532 3329 servet
553 3269 729 3345 Proserpina
748 3267 846 3328 limen.

127 3347 235 3409 'lrotus
256 3354 384 3421 Aeneas,
404 3353 511 3430 pietate
533 3355 653 3432 insignis
676 3362 705 3413 et
726 3354 829 3420 armis,

129 3432 165 3492 ad
188 3435 350 3511 genitorem
371 3437 445 3496 imas
467 3437 555 3498 Erebi
577 3437 728 3499 deseendit
747 3437 784 3496 ad
804 3435 935 3497 umbras.
