2400 3878
386 209 531 258 vuuoxm
552 209 677 258 xxxma
700 210 754 258 1111
1018 200 1079 261 155

56 365 187 428 Maeonia
209 371 340 425 mentum
361 364 447 423 mitra
465 364 635 442 crinemque
653 364 819 427 madentem

55 448 222 517 subnexus,
244 454 328 525 rapto
350 449 473 525 potitur:
501 463 555 506 nos
577 465 700 508 munera
721 447 837 527 templis

56 532 165 611 quippe
186 533 243 592 tuis
264 531 384 592 ierimus
406 531 571 608 famamque
592 530 724 591 fovemus
745 531 890 592 inanem'

98 614 217 676 Talibus
240 620 370 674 orantem
390 614 473 674 dictis
494 630 619 692 arasque
635 621 783 676 tenentem

57 699 147 759 audiit
164 698 363 775 omnipotens,
383 696 542 775 oculosque
563 698 600 758 ad
617 698 733 758 moenia
752 700 836 758 torsit

58 783 137 859 rogia
159 788 188 841 et
210 779 314 840 oblitos
335 781 429 842 famae
450 780 578 841 melioris
599 782 731 842 amantis.

57 873 119 925 tum
142 865 184 924 sic
205 863 383 925 Mercurium
405 862 570 941 adloquitur
591 862 710 925 actalia
732 865 864 926 mandat:

59 948 145 1010 ‘vade
166 965 234 1026 age,
255 953 336 1017 nate,
358 964 430 1008 voca
448 947 590 1026 zephyros
609 955 638 1008 et
659 947 761 1009 labere
781 950 893 1026 pinnis,

58 1031 293 1108 [lardaniumque
308 1030 430 1100 ducem,
452 1030 539 1109 Tyria
558 1032 736 1110 Karthagine
756 1033 805 1110 qui
825 1049 904 1092 nuuc

58 1120 192 1192 expectat
213 1113 335 1192 fatisque
357 1114 437 1174 datas
458 1132 518 1173 non
537 1117 656 1192 respicit
675 1114 779 1185 urbes,

57 1197 217 1275 adloquere
238 1204 266 1258 et
284 1197 388 1258 celeris
407 1198 488 1259 defer
509 1216 575 1259 mea
595 1199 671 1260 dicta
692 1216 746 1276 per
767 1217 862 1260 auras.

57 1299 117 1341 uon
139 1280 221 1341 illum
241 1283 372 1358 genetrix
392 1281 477 1341 nobis
498 1281 696 1360 pulcherrima
717 1281 804 1342 talem

57 1365 192 1442 promisit
214 1364 392 1443 Graiumque
414 1366 479 1425 ideo
501 1366 546 1426 bis
568 1366 694 1426 viridicat
715 1368 819 1433 armis;

56 1448 109 1507 sed
131 1447 195 1508 iore
217 1449 266 1525 qui
289 1449 437 1524 gravidam
457 1450 588 1526 imperiis
609 1449 746 1527 belloque
768 1450 942 1510 irementem

57 1528 167 1590 ltaliam
190 1539 322 1607 regeret,
347 1549 439 1608 genus
461 1531 519 1592 alto
541 1550 558 1592 a
580 1533 720 1608 sanguiue
744 1531 852 1592 Teucri

58 1614 211 1692 proderet,
234 1632 268 1674 ac
290 1622 383 1675 totum
404 1616 458 1676 suh
480 1614 560 1694 leges
581 1617 709 1684 mitteret
730 1614 841 1675 orbem.

57 1697 83 1757 si
102 1696 180 1757 nulla
202 1697 334 1758 accendit
352 1704 499 1758 tantarum
521 1698 613 1777 gloria
634 1716 736 1759 rerum

57 1797 113 1840 nec
130 1797 219 1858 super
243 1782 305 1858 ipse
326 1798 379 1841 sua
398 1781 517 1842 molitur
537 1782 622 1843 laude
643 1781 789 1851 laborem,

59 1865 220 1924 Ascanione
237 1873 321 1940 pater
343 1865 488 1925 Romanas
508 1866 616 1926 invidet
637 1867 740 1927 arces?

58 1946 126 2024 quid
147 1947 251 2007 struit?
273 1955 322 2008 aut
342 1965 399 2026 qua
420 1965 487 2027 spe,
509 1950 625 2010 inimica
643 1951 673 2009 in
688 1956 788 2026 gente,
809 1951 958 2010 moraturi

58 2027 129 2108 [nec
154 2029 269 2107 prolem
289 2030 447 2092 Ausoniam
469 2040 497 2093 et
517 2033 633 2093 Lavinia
656 2034 776 2110 respicit
796 2031 888 2112 arva].

56 2113 190 2190 naviget:
209 2112 282 2173 haec
302 2131 415 2175 summa
438 2122 495 2185 est,
518 2116 566 2177 hic
587 2118 680 2176 nostri
701 2117 821 2177 nuntius
839 2114 926 2176 esto!

99 2194 227 2257 Dixerat.
272 2195 319 2256 ille
339 2199 431 2275 patris
449 2201 548 2278 magni
567 2217 674 2279 parere
692 2199 816 2277 parabat

56 2279 196 2356 imperio:
220 2286 249 2340 et
270 2280 398 2358 primum
420 2283 544 2361 pedibus
564 2282 666 2344 talaria
688 2285 777 2344 nectit

59 2379 158 2431 aurea,
183 2381 258 2440 quae
281 2363 435 2426 sublimem
456 2365 509 2426 alis
531 2367 590 2427 sive
609 2384 739 2443 aequora
754 2383 843 2443 supra

58 2462 111 2505 seu
128 2451 239 2507 terram
257 2448 361 2524 rapido
385 2449 496 2527 pariter
518 2467 586 2509 cum
606 2448 724 2510 llamine
743 2456 869 2526 portant.

57 2536 121 2587 tum
142 2530 251 2607 virgam
276 2531 367 2606 capit:
390 2530 445 2591 hac
465 2532 575 2591 animas
594 2531 642 2592 ille
660 2538 762 2592 evocat
781 2530 858 2592 Orco

57 2608 206 2690 pallentis,
229 2611 298 2673 alias
316 2613 370 2672 suh
394 2613 516 2674 Tartara
536 2615 628 2674 tristia
650 2614 753 2683 mittit,

58 2693 109 2754 dat
129 2711 247 2754 somnos
268 2696 440 2774 adimitque,
464 2704 494 2757 et
513 2695 623 2757 lumina
644 2705 740 2756 morte
760 2697 897 2771 resignat.

57 2774 106 2836 illa
125 2777 217 2839 fretus
239 2781 299 2856 agit
321 2789 438 2850 ventos,
463 2788 492 2842 et
512 2779 629 2840 turbida
647 2786 744 2840 tranat
1025 2786 1078 2841 245

57 2858 165 2921 nubila.
208 2863 324 2942 iamque
345 2863 445 2924 volans
468 2865 581 2942 apicem
603 2871 633 2925 et
650 2862 742 2924 latera
764 2863 855 2924 ardua
874 2863 968 2923 cernit

57 2942 178 3004 Atlantis
200 2944 281 3015 duri,
305 2947 418 3008 caelum
440 2949 490 3028 qui
507 2947 615 3009 vertice
635 2946 731 3016 fulcit,

57 3025 195 3096 acautis,
218 3029 345 3091 cinctum
367 3031 487 3093 adsidue
505 3031 553 3093 cui
573 3030 702 3092 nubibus
723 3033 793 3092 atris

57 3109 214 3186 piniferum
235 3122 367 3190 caputet
388 3123 473 3176 vento
492 3113 624 3194 pulsatur
646 3122 675 3176 et
695 3115 796 3184 imbri,

57 3193 107 3251 nix
129 3211 248 3254 umeros
268 3196 362 3258 infusa
384 3200 469 3277 tegit,
491 3204 553 3260 turn
571 3198 692 3258 llumiua
713 3205 812 3259 mento
1025 3202 1078 3257 aad

56 3275 250 3354 praecipitant
273 3281 364 3350 senis,
387 3291 416 3342 et
439 3282 531 3360 glacie
552 3282 628 3357 riget
646 3281 766 3341 horrida
787 3279 888 3340 barba.

57 3357 104 3418 liic
124 3359 252 3437 primum
271 3362 392 3439 paribus
411 3366 507 3427 nitens
529 3362 674 3441 Cyllenius
693 3363 746 3424 alis

58 3441 200 3511 constitit;
222 3442 290 3505 hinc
307 3451 367 3506 toto
388 3463 530 3527 praeceps
552 3464 584 3508 se
606 3464 731 3526 corpore
749 3446 786 3508 ad
808 3446 903 3508 undas
