2400 3878
413 203 556 251 ventum
578 204 703 254 eruere
726 202 763 250 1x
1022 190 1084 256 269

73 369 137 424 tum
162 359 275 440 galeam
296 359 422 438 Messapi
444 357 571 419 habilem
594 359 747 437 cristisque
770 361 907 423 decoram
1034 369 1084 420 ton

72 445 177 508 induit.
211 444 355 507 excedunt
377 444 479 504 castris
502 450 531 503 et
551 448 611 503 tuta
634 452 799 521 capessunt

117 529 233 590 Interea
251 527 402 607 praemissi
422 528 534 603 equites
551 543 586 586 ex
608 525 683 587 urbe
700 527 810 598 Latina,

75 621 174 675 cetera
197 611 267 673 dum
290 611 367 689 legio
390 611 500 688 campis
521 611 664 671 instructa
685 619 826 681 moratur,

73 696 157 758 ibant
178 703 207 757 et
228 694 330 756 Turno
352 695 416 771 regi
437 711 579 772 responsa
598 694 740 764 ferebant,

74 787 249 850 tercentum,
272 779 377 839 scutati
400 795 512 847 omnes,
534 776 673 840 Volcente
693 779 842 856 magistro.
1035 789 1086 841 870

74 864 192 943 iamque
213 862 450 942 propinquabant
473 863 576 923 castris
597 880 756 942 murosque
777 863 921 934 subibant,

76 965 143 1009 cum
165 945 269 1025 procul
288 946 343 1006 hos
365 945 447 1007 laevo
469 945 612 1006 llectentis
634 947 724 1008 limite
745 955 869 1008 cernunt

77 1038 106 1092 et
128 1030 210 1108 galea
232 1029 390 1107 Euryalum
413 1029 552 1090 sublustri
574 1031 667 1090 noctis
688 1032 719 1091 in
741 1031 847 1092 umbra

78 1114 205 1192 prodidit
229 1114 421 1175 inmemorem
444 1115 590 1193 radiisque
614 1115 735 1175 adversa
757 1114 882 1180 refulsit.

77 1198 148 1260 haut
167 1204 279 1259 temere
298 1204 342 1258 est
357 1198 459 1258 visum.
490 1197 651 1260 conclamat
672 1198 708 1259 ab
727 1201 843 1278 agmine
860 1198 997 1261 Volcens:
1037 1207 1088 1263 ato

76 1289 174 1351 ‘state
198 1282 260 1342 viri.
295 1299 370 1360 quae
393 1300 480 1342 causa
505 1283 585 1343 viaet
608 1284 693 1361 quive
713 1286 781 1345 estis
802 1285 832 1344 in
853 1283 960 1344 armis?

76 1383 171 1446 quove
185 1367 289 1426 tenetis
308 1364 397 1425 iteri'
418 1365 489 1425 nihil
509 1365 551 1425 illi
572 1367 693 1429 tendere
712 1375 822 1435 contra,

76 1450 128 1512 sed
151 1448 282 1510 celerare
302 1447 401 1526 lugam
424 1451 453 1508 in
475 1448 560 1509 silvas
583 1458 610 1508 et
632 1450 724 1511 ddere
742 1452 831 1511 nocti.

76 1533 208 1594 obiciunt
229 1533 341 1611 equites
364 1550 429 1592 sese
451 1531 488 1591 ad
506 1532 628 1592 divortia
648 1541 717 1593 uota

75 1617 145 1678 blnc
168 1624 255 1695 atque
277 1616 347 1676 binc
370 1631 546 1693 omnemque
569 1614 679 1675 abitum
702 1616 822 1676 custode
844 1625 993 1676 coronam.
1037 1622 1088 1674 380

76 1699 146 1761 silve
169 1701 224 1761 fuit
244 1698 302 1761 late
325 1699 421 1759 dumis
444 1704 532 1775 atque
553 1697 619 1759 ilice
639 1700 723 1777 nigra

76 1783 206 1854 horrida,
230 1801 316 1862 quarn
339 1782 421 1843 densi
442 1780 625 1860 complerant
645 1783 773 1861 undique
796 1792 909 1852 sentes;

76 1885 144 1928 rara
167 1884 220 1945 per
240 1866 371 1927 occultos
392 1865 510 1927 lucebat
531 1867 633 1927 semita
656 1865 751 1928 calles.

76 1951 235 2029 Euryalum
258 1950 397 2011 tenebrae
420 1967 571 2011 ramorum
592 1968 776 2028 onerosaque
801 1952 908 2029 praeda

77 2034 241 2111 impediunt
259 2033 389 2112 fallitque
411 2035 498 2093 timor
519 2035 641 2109 regione
662 2037 790 2104 riarum;
1038 2043 1088 2094 885

77 2117 165 2178 Nisus
187 2117 256 2178 abit.
291 2118 407 2195 iamque
427 2117 589 2194 inprudens
609 2129 740 2180 evaserat
761 2119 853 2179 hostis

79 2210 167 2279 atque
188 2201 277 2270 locos,
298 2201 347 2278 qui
369 2208 436 2278 post
457 2199 548 2262 Albae
569 2202 605 2263 de
625 2204 744 2264 nomine
766 2202 834 2262 dicti

78 2284 184 2345 Alban.
207 2285 278 2362 (tum
301 2301 352 2344 rex
376 2283 490 2345 stabula
512 2283 568 2345 alta
590 2285 709 2348 Latinus
731 2286 884 2364 babebat):

80 2377 112 2428 ut
133 2368 211 2430 stetit
231 2376 259 2429 et
281 2367 389 2428 frustra
412 2367 563 2430 absentem
583 2372 713 2448 respexit
735 2371 870 2431 amicum.

81 2450 222 2531 ‘Euryale
244 2449 354 2521 lnielix,
378 2470 435 2530 qua
457 2459 486 2513 te
507 2453 627 2529 regione
650 2452 772 2532 reliquii
1039 2459 1091 2510 890

81 2553 175 2614 quave
195 2552 311 2613 sequar,
335 2552 437 2595 rursus
460 2535 632 2613 perplexum
654 2537 709 2596 iter
731 2553 817 2596 omne
839 2537 1005 2597 revolvens·

81 2616 192 2677 lallacis
214 2614 332 2678 silvaet'
367 2618 453 2679 simul
475 2627 504 2680 et
525 2620 642 2694 vestigia
665 2625 745 2679 retro

82 2699 234 2761 observata
252 2699 321 2778 legit
343 2702 497 2782 dumisque
517 2701 669 2763 silentibus
691 2712 778 2762 errat.

83 2783 163 2842 audit
185 2802 286 2862 equos,
306 2785 386 2847 audit
406 2788 544 2862 strepitus
566 2794 595 2845 et
615 2788 696 2864 signa
720 2795 903 2864 sequentum.

82 2885 137 2928 nec
159 2866 280 2945 longum
302 2870 332 2929 in
351 2869 447 2930 medio
470 2879 594 2948 tempus,
618 2887 687 2930 cum
705 2868 815 2931 clamor
834 2870 870 2931 ad
890 2873 968 2933 euris
1041 2877 1091 2930 395

82 2954 216 3030 pervenit
237 2971 272 3014 ac
288 2953 366 3014 ridet
384 2952 551 3032 Euryalum,
574 2971 661 3030 quem
681 2955 738 3015 iam
759 2972 862 3016 manus
885 2957 978 3017 omnis

19 3100 20 3103 Ἴ
81 3035 186 3096 iraude
202 3036 260 3096 loci
279 3044 308 3097 et
329 3037 432 3105 noctis,
453 3036 550 3097 subito
574 3037 710 3099 turbante
732 3038 868 3106 tumultu,

82 3134 257 3194 oppressum
278 3120 355 3196 rapit
376 3129 405 3180 et
425 3128 579 3183 conantem
601 3122 727 3201 plurima
749 3124 866 3184 trustra.

84 3199 154 3276 quid
175 3201 279 3262 laciati
303 3220 360 3280 qua
380 3205 407 3262 vi
429 3205 573 3273 iuvenem,
597 3205 705 3283 quibus
726 3205 831 3265 audeat
852 3205 940 3263 armis

84 3283 217 3361 eriperet
241 3302 277 3345 an
295 3303 360 3347 sese
382 3287 495 3348 medios
515 3289 676 3348 moriturus
695 3289 725 3346 in
747 3302 831 3347 enses
1042 3291 1093 3343 400

83 3365 189 3426 inierat
211 3374 240 3428 et
260 3369 413 3447 pulchram
435 3377 576 3449 properet
597 3388 651 3448 per
674 3369 792 3429 volnera
815 3369 959 3428 mortem?

84 3451 165 3511 ocius
187 3450 312 3513 adducto
334 3460 476 3533 torquens
497 3452 599 3513 hastile
619 3452 737 3518 lacerto.
